time,last,volume
1577603963000,43436,393.48
1577604000000,43436,393.48
1577604032000,43436,393.48
1577604063000,43436,393.48
1577604094000,43436,393.52
1577604125000,43436,393.52
1577604156000,43436,393.52
1577604187000,43436,393.52
1577604218000,43436,393.52
1577604249000,43436,393.52
1577604281000,43436,393.52
1577604312000,43436,393.48
1577604343000,43519,393.58
1577604375000,43519,393.51
1577604406000,43519,393.51
1577604437000,43519,393.51
1577604468000,43519,393.50
1577604499000,43519,393.50
1577604621000,43520,393.07
1577604654000,43520,393.05
1577604686000,43520,393.05
1577604719000,43520,393.05
1577604751000,43520,393.05
1577604783000,43520,393.05
1577604814000,43520,393.00
1577604845000,43520,393.00
1577604876000,43520,393.00
1577604908000,43520,392.78
1577604939000,43520,392.78
1577604970000,43520,392.57
1577605001000,43520,392.46
1577605032000,43436,392.49
1577605063000,43436,392.49
1577605094000,43436,392.49
1577605125000,43436,392.49
1577605157000,43436,392.43
1577605188000,43436,392.43
1577605219000,43436,392.41
1577605251000,43436,392.41
1577605282000,43436,392.41
1577605313000,43436,392.07
1577605344000,43436,392.07
1577605375000,43436,392.03
1577605406000,43436,391.73
1577605437000,43436,391.73
1577605468000,43436,391.73
1577605500000,43436,391.93
1577605531000,43403,392.63
1577605563000,43436,393.02
1577605594000,43436,393.02
1577605625000,43436,392.81
1577605656000,43436,392.81
1577605687000,43436,392.81
1577605719000,43436,392.81
1577605749000,43436,392.80
1577605780000,43436,392.81
1577605811000,43520,392.81
1577605843000,43520,392.81
1577605874000,43520,392.81
1577605911000,43520,392.81
1577605942000,43520,392.81
1577605974000,43520,392.80
1577606006000,43520,392.80
1577606037000,43520,392.80
1577606068000,43520,392.80
1577606099000,43520,392.80
1577606131000,43520,392.80
1577606162000,43436,392.80
1577606193000,43436,392.80
1577606224000,43436,392.80
1577606255000,43436,392.80
1577606287000,43436,392.80
1577606318000,43436,392.80
1577606349000,43436,392.79
1577606380000,43436,392.79
1577606411000,43436,392.79
1577606443000,43436,392.79
1577606474000,43436,392.78
1577606505000,43436,392.78
1577606536000,43436,392.78
1577606567000,43436,392.78
1577606598000,43436,392.79
1577606629000,43436,392.79
1577606661000,43436,392.79
1577606692000,43515,392.98
1577606723000,43515,392.94
1577606755000,43519,392.99
1577606788000,43519,392.95
1577606820000,43519,393.16
1577606852000,43519,393.16
1577606883000,43519,393.16
1577606914000,43519,393.16
1577606946000,43519,393.16
1577606978000,43519,392.80
1577607010000,43519,392.75
1577607041000,43519,392.72
1577607073000,43519,392.60
1577607104000,43519,392.29
1577607136000,43519,392.29
1577607169000,43519,392.29
1577607201000,43520,392.39
1577607232000,43520,392.39
1577607264000,43520,392.40
1577607296000,43452,392.50
1577607328000,43452,392.50
1577607360000,43452,392.50
1577607391000,43520,392.59
1577607423000,43520,392.59
1577607454000,43520,390.67
1577607485000,43452,390.69
1577607517000,43452,390.69
1577607548000,43452,390.69
1577607580000,43452,390.37
1577607611000,43452,390.37
1577607643000,43452,390.37
1577607674000,43452,390.17
1577607706000,43452,390.17
1577607738000,43452,390.17
1577607770000,43452,390.17
1577607801000,43452,390.17
1577607832000,43452,390.17
1577607865000,43452,390.35
1577607896000,43450,390.35
1577607927000,43450,390.23
1577607959000,43520,390.38
1577607990000,43520,390.28
1577608021000,43520,390.28
1577608054000,43520,390.03
1577608086000,43520,390.03
1577608117000,43520,389.73
1577608148000,43520,389.73
1577608179000,43520,389.73
1577608211000,43450,389.73
1577608242000,43450,389.73
1577608273000,43450,389.73
1577608305000,43450,389.73
1577608336000,43450,389.73
1577608367000,43450,389.71
1577608399000,43450,389.63
1577608430000,43450,389.63
1577608462000,43450,389.69
1577608493000,43450,389.69
1577608512000,43450,389.69
1577608543000,43450,389.69
1577608561000,43450,389.69
1577608592000,43500,389.67
1577608623000,43500,389.67
1577608654000,43500,389.67
1577608686000,43500,389.67
1577608717000,43500,389.67
1577608749000,43500,389.67
1577608780000,43450,389.68
1577608812000,43450,389.68
1577608843000,43500,389.83
1577608874000,43450,389.88
1577608905000,43450,389.86
1577608936000,43450,389.86
1577608971000,43450,389.86
1577609003000,43528,391.82
1577609034000,43528,392.03
1577609066000,43528,392.03
1577609097000,43528,392.03
1577609128000,43528,392.06
1577609160000,43528,392.00
1577609192000,43528,392.00
1577609223000,43528,392.15
1577609255000,43538,392.30
1577609286000,43540,392.45
1577609317000,43540,392.97
1577609348000,43540,392.98
1577609379000,43541,392.98
1577609411000,43541,393.18
1577609442000,43541,393.18
1577609473000,43561,393.30
1577609504000,43561,393.30
1577609535000,43561,393.25
1577609567000,43561,393.25
1577609598000,43561,393.25
1577609629000,43561,393.25
1577609660000,43540,393.87
1577609692000,43550,393.94
1577609723000,43550,393.94
1577609754000,43579,393.96
1577609785000,43579,393.96
1577609816000,43579,393.91
1577609848000,43453,393.95
1577609880000,43453,393.95
1577609911000,43453,393.95
1577609942000,43579,393.97
1577610001000,43580,394.25
1577610033000,43580,394.25
1577610064000,43580,394.26
1577610094000,43598,394.27
1577610126000,43598,394.30
1577610157000,43579,394.33
1577610189000,43579,394.33
1577610220000,43579,394.33
1577610253000,43597.6,394.33
1577610285000,43479,394.33
1577610316000,43597.5,394.46
1577610347000,43597.5,394.46
1577610379000,43597.5,394.46
1577610411000,43597.5,394.46
1577610446000,43597.5,394.40
1577610489000,43597.5,394.43
1577610520000,43597.5,394.43
1577610551000,43455,394.66
1577610583000,43455,394.20
1577610614000,43455,394.20
1577610645000,43455,394.12
1577610676000,43455,394.12
1577610708000,43455,394.12
1577610739000,43455,394.10
1577610770000,43455,394.10
1577610801000,43455,394.10
1577610832000,43455,394.05
1577610863000,43455,394.36
1577610894000,43455,394.38
1577610925000,43455,394.38
1577610957000,43455,394.38
1577610987000,43455,394.38
1577611018000,43455,394.38
1577611049000,43455,394.36
1577611080000,43455,394.36
1577611111000,43455,394.59
1577611142000,43455,394.59
1577611173000,43455,394.47
1577611204000,43455,394.47
1577611235000,43569.6,394.47
1577611267000,43456,394.48
1577611299000,43569.6,393.37
1577611330000,43569.6,393.36
1577611361000,43459.6,393.37
1577611392000,43456.6,393.94
1577611423000,43453,392.68
1577611454000,43453,392.68
1577611485000,43450,394.23
1577611517000,43450,394.22
1577611548000,43459.6,394.24
1577611579000,43459.6,394.24
1577611610000,43459.6,394.01
1577611641000,43455,395.01
1577611672000,43450.5,395.07
1577611703000,43459.6,395.18
1577611735000,43459.6,395.18
1577611766000,43459.6,395.04
1577611798000,43459,394.69
1577611829000,43459.6,394.47
1577611860000,43459.6,394.42
1577611891000,43459.6,394.19
1577611922000,43459.6,393.91
1577611953000,43459.6,393.91
1577611984000,43450,394.08
1577612015000,43450,394.03
1577612047000,43450,393.85
1577612078000,43450,393.75
1577612110000,43450,393.78
1577612141000,43450,393.78
1577612172000,43450,393.78
1577612204000,43450,393.78
1577612235000,43450,393.78
1577612266000,43450,393.77
1577612297000,43450,393.71
1577612328000,43450,393.71
1577612359000,43459.6,393.79
1577612390000,43459.6,393.79
1577612421000,43459.6,393.79
1577612452000,43459.6,393.79
1577612483000,43450,393.79
1577612514000,43450,394.08
1577612545000,43450,394.06
1577612576000,43450,394.06
1577612607000,43450,394.06
1577612638000,43450,394.06
1577612669000,43450,393.78
1577612702000,43450,393.46
1577612733000,43436,393.46
1577612764000,43436,393.43
1577612796000,43436,392.74
1577612827000,43436,392.74
1577612859000,43436,392.74
1577612890000,43436,392.74
1577612920000,43403,392.74
1577612952000,43397.6,392.76
1577612983000,43393,392.79
1577613015000,43387,392.85
1577613046000,43387,392.85
1577613078000,43387,392.85
1577613109000,43387,392.85
1577613141000,43387,392.70
1577613173000,43387,392.70
1577613204000,43387,392.70
1577613236000,43387,392.50
1577613267000,43387,392.42
1577613298000,43387,392.50
1577613330000,43450,392.55
1577613361000,43450,391.33
1577613393000,43387,391.42
1577613424000,43378,391.67
1577613456000,43378,391.68
1577613487000,43365,391.97
1577613519000,43459.6,392.02
1577613551000,43459.6,392.02
1577613582000,43459.6,392.02
1577613614000,43459.6,392.02
1577613650000,43548,391.97
1577613682000,43548,391.97
1577613714000,43548,391.91
1577613746000,43548,391.91
1577613779000,43548,391.96
1577613810000,43548,392.07
1577613841000,43555.5,392.15
1577613872000,43550,392.08
1577613904000,43550,392.21
1577613937000,43400,392.21
1577613969000,43400,391.90
1577614000000,43400,391.90
1577614031000,43555.5,392.99
1577614062000,43555.5,392.99
1577614094000,43555.5,392.99
1577614126000,43555.5,392.99
1577614157000,43555.5,392.97
1577614189000,43540,392.97
1577614220000,43400,392.76
1577614252000,43400,392.76
1577614283000,43400,392.75
1577614317000,43400,392.74
1577614348000,43540,392.75
1577614379000,43400,392.55
1577614411000,43400,392.55
1577614442000,43400,392.55
1577614474000,43410,393.12
1577614505000,43505,393.14
1577614536000,43410,393.18
1577614568000,43410,393.18
1577614599000,43410,393.18
1577614630000,43410,393.17
1577614662000,43410,393.04
1577614693000,43410,393.04
1577614725000,43410,393.04
1577614756000,43410,393.04
1577614787000,43410,393.04
1577614819000,43410,393.04
1577614850000,43415,393.30
1577614881000,43415,393.26
1577614912000,43415,393.25
1577614945000,43415,393.22
1577614983000,43415,393.11
1577615015000,43415,393.01
1577615046000,43500,392.88
1577615077000,43500,392.70
1577615109000,43530.7,392.51
1577615141000,43530.7,392.72
1577615172000,43530.6,392.88
1577615203000,43530.6,392.95
1577615236000,43455,393.16
1577615267000,43455,393.34
1577615299000,43529,393.37
1577615330000,43529,393.38
1577615361000,43529,393.59
1577615393000,43529,393.64
1577615425000,43529,393.52
1577615459000,43529,393.52
1577615491000,43529,393.52
1577615522000,43529,393.52
1577615554000,43529,393.52
1577615882000,43523.3,392.56
1577615913000,43523.3,392.56
1577615945000,43425,392.63
1577615976000,43425,392.63
1577616007000,43425,392.63
1577616038000,43425,392.62
1577616070000,43425,392.60
1577616101000,43425,392.48
1577616132000,43425,392.48
1577616163000,43425,392.48
1577616194000,43425,392.19
1577616225000,43425,392.18
1577616256000,43425,392.15
1577616289000,43523,392.16
1577616320000,43523,392.06
1577616351000,43523,392.06
1577616382000,43499,392.06
1577616413000,43499,392.06
1577616444000,43523,392.17
1577616476000,43523,392.17
1577616507000,43523,392.06
1577616538000,43523,392.06
1577616569000,43523,392.06
1577616601000,43523,392.06
1577616633000,43523,392.02
1577616664000,43523,392.02
1577616695000,43523.2,392.11
1577616726000,43523.2,392.16
1577616757000,43523.2,392.16
1577616788000,43523.2,392.16
1577616819000,43523.2,392.16
1577616851000,43523.2,392.14
1577616882000,43523.2,392.06
1577616913000,43450,392.07
1577616945000,43450,392.07
1577616977000,43450,392.07
1577617008000,43450,391.82
1577617039000,43450,391.76
1577617070000,43450,391.76
1577617102000,43450,390.60
1577617134000,43450,390.60
1577617165000,43450,390.60
1577617196000,43523,390.62
1577617228000,43523,390.61
1577617259000,43523,390.60
1577617290000,43523,390.60
1577617322000,43523,390.57
1577617353000,43523,390.57
1577617384000,43523,390.57
1577617416000,43523,390.57
1577617620000,43450,390.74
1577617653000,43450,390.74
1577617685000,43460,390.76
1577617716000,43460,390.76
1577617747000,43460,390.73
1577617778000,43460,390.69
1577617809000,43450,390.77
1577617840000,43450,390.77
1577617872000,43450,390.77
1577617903000,43522.4,390.73
1577617934000,43530,392.76
1577617965000,43530,392.76
1577617996000,43530,392.76
1577618028000,43530,392.64
1577618059000,43530,392.57
1577618090000,43530,392.57
1577618121000,43530,392.57
1577618152000,43530,392.33
1577618183000,43530.7,392.47
1577618214000,43531.4,392.77
1577618245000,43531.4,392.89
1577618277000,43533.6,393.07
1577618308000,43533.6,392.48
1577618339000,43533.6,392.48
1577618370000,43450,392.48
1577618402000,43450,392.48
1577618473000,43450,392.48
1577618505000,43555.5,392.49
1577618883000,43555.5,392.24
1577619241000,43555.5,392.14
1577619273000,43470,392.15
1577619305000,43470,392.14
1577619338000,43470,391.53
1577619370000,43470,391.53
1577619402000,43470,391.53
1577619433000,43470,391.53
1577619465000,43470,391.53
1577619497000,43470,391.53
1577619529000,43470,391.54
1577619560000,43470,391.52
1577619592000,43470,391.52
1577619623000,43470,391.52
1577619654000,43470,391.52
1577619686000,43550,391.42
1577619717000,43550,391.17
1577619749000,43550,391.17
1577619781000,43550,391.17
1577619812000,43550,391.17
1577619844000,43550,391.17
1577619875000,43550,391.17
1577619907000,43550,391.17
1577619938000,43550,389.57
1577619969000,43550,389.57
1577620001000,43550,389.27
1577620032000,43550,389.27
1577620064000,43520,389.27
1577620095000,43520,389.27
1577620127000,43520,389.27
1577620159000,43490,389.27
1577620190000,43550,389.28
1577620222000,43550,389.27
1577620254000,43458,389.10
1577620285000,43458,389.10
1577620317000,43458,389.10
1577620348000,43458,389.10
1577620380000,43458,389.10
1577620411000,43458,389.10
1577620442000,43458,389.07
1577620474000,43454.8,389.31
1577620505000,43454.8,389.17
1577620538000,43549,389.11
1577620570000,43549,389.04
1577620601000,43549,389.04
1577620632000,43549,389.04
1577620664000,43549,389.04
1577620695000,43549,388.67
1577620727000,43549,388.60
1577620759000,43549,388.60
1577620790000,43549,388.60
1577620821000,43549,388.39
1577620852000,43549,388.35
1577620884000,43549,388.35
1577620916000,43549,388.36
1577620948000,43549,388.29
1577620980000,43549,388.28
1577621012000,43549,388.28
1577621044000,43465,388.30
1577621075000,43465,387.16
1577621107000,43465,387.16
1577621139000,43465,386.94
1577621171000,43465,386.94
1577621203000,43465,381.12
1577621235000,43465,381.11
1577621267000,43465,381.11
1577621298000,43465,381.11
1577621331000,43465,381.11
1577621364000,43465,381.11
1577621395000,43465,381.11
1577621426000,43465,381.09
1577621459000,43465,380.84
1577621491000,43465,380.84
1577621522000,43548,380.78
1577621553000,43548,380.78
1577621585000,43548,380.84
1577621617000,43548,380.84
1577621649000,43548,380.84
1577621680000,43548,380.84
1577621712000,43465,381.12
1577621744000,43465,380.47
1577621776000,43465,380.66
1577621807000,43465,380.66
1577621839000,43465,380.66
1577621870000,43465,380.66
1577621903000,43465,380.68
1577621934000,43465,380.34
1577621966000,43465,380.34
1577621998000,43465,380.34
1577622029000,43465,380.34
1577622062000,43453.5,380.34
1577622093000,43453.5,380.44
1577622124000,43453.5,380.43
1577622156000,43550,381.19
1577622187000,43555,381.39
1577622218000,43555,381.38
1577622249000,43598,381.40
1577622280000,43454.1,381.40
1577622312000,43454.1,381.31
1577622354000,43454.1,381.24
1577622386000,43454.1,381.24
1577622417000,43454.1,381.24
1577622448000,43500,381.23
1577622480000,43500,381.22
1577622591000,43500,381.20
1577622623000,43500,381.20
1577622654000,43500,381.23
1577622799000,43500,381.00
1577622830000,43500,381.00
1577622861000,43500,381.00
1577622893000,43500,381.00
1577622925000,43500,381.00
1577622956000,43590,381.00
1577622987000,43590,380.89
1577623018000,43500.1,380.91
1577623050000,43600,379.28
1577623081000,43600,379.28
1577623112000,43600,379.28
1577623144000,43600,379.28
1577623175000,43643,379.71
1577623214000,43550,379.94
1577623245000,43750,382.62
1577623276000,43750,382.62
1577623308000,43750,382.60
1577623339000,43750,382.60
1577623371000,43750,382.59
1577623402000,43601,382.60
1577623433000,43601,382.63
1577623465000,43670,382.63
1577623496000,43670,382.63
1577623527000,43640,381.93
1577623560000,43635,380.20
1577623591000,43635,379.87
1577623623000,43600,380.42
1577623654000,43600,380.38
1577623685000,43600,380.37
1577623717000,43635,380.48
1577623748000,43550,380.48
1577623780000,43550,380.48
1577623811000,43550,380.51
1577623842000,43550,380.51
1577623873000,43650,381.16
1577623929000,43650,380.74
1577623961000,43550,380.72
1577623993000,43550,380.72
1577624024000,43722,381.02
1577624055000,43550,381.09
1577624086000,43550,381.09
1577624156000,43550,381.09
1577624187000,43550,381.09
1577624220000,43550,381.07
1577624258000,43550,381.07
1577624316000,43689,380.64
1577624357000,43689,380.64
1577624388000,43600,380.51
1577624419000,43600,380.38
1577624455000,43689,380.37
1577624487000,43600,380.37
1577624518000,43600,380.74
1577624549000,43600,380.74
1577624638000,43553,380.63
1577624694000,43553,380.63
1577624726000,43650,380.79
1577624757000,43650,380.59
1577624788000,43650,380.42
1577624820000,43678,380.46
1577624851000,43678,380.46
1577624943000,43553,381.32
1577625053000,43619,381.45
1577625084000,43553,381.47
1577625194000,43553,381.47
1577625292000,43555,381.66
1577625355000,43700,381.65
1577625386000,43700,381.65
1577625418000,43700,381.65
1577625449000,43700,381.48
1577625480000,43700,381.51
1577625511000,43700,381.68
1577625543000,43700,381.68
1577625574000,43700,381.68
1577625606000,43700,381.68
1577625637000,43700,381.68
1577625670000,43700,381.68
1577625702000,43700,381.68
1577625733000,43700,381.65
1577625765000,43700,381.65
1577625862000,43715,384.75
1577625946000,43715,384.48
1577625983000,43715,384.48
1577626014000,43715,384.48
1577626045000,43661,384.48
1577626077000,43661,384.48
1577626109000,43661,384.48
1577626140000,43749,384.63
1577626171000,43611,384.64
1577626202000,43750,385.90
1577626234000,43750,386.14
1577626266000,43798.5,386.52
1577626297000,43639,386.94
1577626328000,43639,386.94
1577626359000,43795,386.98
1577626391000,43787,386.98
1577626426000,43787,386.96
1577626458000,43787,386.96
1577626489000,43787,386.71
1577626520000,43787,386.71
1577626551000,43659,386.80
1577626582000,43659,386.77
1577626614000,43704,386.76
1577626645000,43704,385.81
1577626695000,43783,386.80
1577626727000,43798.5,387.55
1577626758000,43705,385.73
1577626790000,43705,384.85
1577626821000,43705,384.85
1577626852000,43797,385.35
1577626940000,43797,385.35
1577626971000,43797,385.35
1577627004000,43797,385.11
1577627035000,43790,385.11
1577627084000,43788,385.11
1577627115000,43789,385.15
1577627147000,43733.1,385.24
1577627178000,43733.1,385.45
1577627210000,43740,385.49
1577627241000,43740,385.49
1577627273000,43720,386.23
1577627305000,43720,386.23
1577627336000,43720,386.11
1577627367000,43655,386.20
1577627398000,43655,385.67
1577627430000,43655,385.69
1577627461000,43655,385.45
1577627492000,43655,385.43
1577627524000,43655,385.43
1577627555000,43655,385.46
1577627608000,43655,385.46
1577627673000,43657,385.62
1577627731000,43680,385.03
1577627762000,43680,385.03
1577627794000,43680,385.03
1577627842000,43700,386.60
1577627927000,43700,386.69
1577627988000,43750,386.26
1577628056000,43750,386.31
1577628090000,43750,386.35
1577628121000,43750,386.65
1577628152000,43750,386.94
1577628183000,43701,387.01
1577628214000,43701,386.93
1577628245000,43701,386.74
1577628276000,43701,386.74
1577628308000,43750,386.80
1577628339000,43750,386.80
1577628370000,43666,387.75
1577628401000,43665,388.14
1577628432000,43665,388.13
1577628464000,43665,388.13
1577628495000,43665,388.13
1577628527000,43665,388.13
1577628558000,43774.5,388.16
1577628589000,43774.5,388.61
1577628620000,43774.5,388.61
1577628651000,43751,388.64
1577628682000,43751,388.58
1577628714000,43751,388.58
1577628745000,43751,388.58
1577628776000,43751,388.58
1577628807000,43751,388.58
1577628838000,43700,388.68
1577628870000,43700,387.62
1577628955000,43700,387.61
1577628987000,43700,387.61
1577629032000,43700,387.81
1577629065000,43700,388.02
1577629097000,43700,388.20
1577629201000,43750,388.36
1577629232000,43750,388.36
1577629263000,43650,388.34
1577629294000,43778,388.35
1577629345000,43780,388.32
1577629456000,43780,388.07
1577629487000,43779,388.36
1577629520000,43778,388.41
1577629551000,43778,388.41
1577629582000,43650,388.43
1577629613000,43770,388.54
1577629645000,43770,388.54
1577629676000,43650,388.57
1577629707000,43650,388.57
1577629738000,43650,388.56
1577629838000,43650,388.36
1577629871000,43650,388.36
1577629903000,43780,388.39
1577629936000,43780,388.41
1577629970000,43780,388.41
1577630005000,43700,388.57
1577630037000,43700,388.57
1577630069000,43700,388.57
1577630105000,43780,388.67
1577630137000,43780,388.67
1577630169000,43780,388.81
1577630201000,43798,388.82
1577630234000,43799,388.20
1577630267000,43799,388.54
1577630299000,43799,388.01
1577630330000,43790,388.05
1577630362000,43784,388.13
1577630393000,43780,388.18
1577630424000,43775,388.14
1577630456000,43775,388.14
1577630487000,43775,387.98
1577630518000,43700,387.80
1577630549000,43700,387.81
1577630581000,43700,387.81
1577630612000,43775,387.43
1577630643000,43775,387.41
1577630674000,43775,386.70
1577630706000,43775,386.50
1577630737000,43655,386.70
1577630768000,43655,386.71
1577630799000,43655,386.71
1577630830000,43775,387.47
1577630861000,43775,387.47
1577630892000,43775,387.47
1577630924000,43775,387.47
1577630955000,43650,389.20
1577630986000,43650,389.20
1577631017000,43650,389.20
1577631048000,43770,389.23
1577631079000,43770,389.23
1577631110000,43770,389.23
1577631141000,43770,389.23
1577631173000,43770,389.23
1577631204000,43770,389.23
1577631235000,43770,389.23
1577631266000,43770,389.23
1577631298000,43760,389.25
1577631329000,43760,387.85
1577631361000,43760,387.85
1577631392000,43765.8,387.87
1577631424000,43765.8,385.44
1577631456000,43765.8,385.44
1577631487000,43765.8,385.38
1577631518000,43765.8,384.94
1577631550000,43766.9,384.71
1577631581000,43766.9,384.57
1577631613000,43766.9,384.57
1577631644000,43766.9,384.57
1577631705000,43766.9,384.28
1577631762000,43766.9,382.10
1577631794000,43650,382.19
1577631825000,43650,382.10
1577631856000,43650,382.10
1577631888000,43650,382.09
1577631919000,43650,382.59
1577631950000,43650,382.56
1577631981000,43700,382.55
1577632012000,43700,382.55
1577632043000,43650,382.58
1577632075000,43650,382.58
1577632106000,43699,382.91
1577632137000,43699,383.55
1577632168000,43650,383.82
1577632199000,43650,383.70
1577632232000,43650,382.78
1577632264000,43650,382.78
1577632295000,43650,382.42
1577632326000,43650,382.05
1577632357000,43621,382.18
1577632389000,43621,382.18
1577632420000,43621,382.18
1577632451000,43621,382.18
1577632483000,43621,382.14
1577632514000,43621,381.14
1577632545000,43621,381.14
1577632576000,43621,379.84
1577632608000,43621,379.84
1577632639000,43621,379.95
1577632670000,43621,379.17
1577632702000,43600,378.57
1577632733000,43600,378.53
1577632765000,43600,378.37
1577632796000,43600,377.91
1577632827000,43531,378.02
1577633139000,43531,374.51
1577633520000,43748,371.17
1577633552000,43748,371.24
1577633583000,43620,371.10
1577633614000,43748,370.90
1577633646000,43748,370.82
1577633728000,43748,369.24
1577634038000,43675,365.59
1577634628000,43665,359.05
1577634682000,43665,360.72
1577634713000,43665,358.90
1577634744000,43665,358.21
1577634775000,43800,358.31
1577634807000,43800,358.31
1577634838000,43800,358.03
1577634869000,43800,358.03
1577634901000,43800,357.87
1577634933000,43800,357.87
1577635201000,43681,354.95
1577635232000,43681,354.95
1577635264000,43682,353.23
1577635296000,43682,353.23
1577635328000,43682,352.84
1577635444000,43700,352.46
1577635476000,43780,352.11
1577635508000,43780,352.11
1577635539000,43780,352.11
1577635570000,43780,352.11
1577635601000,43780,352.11
1577635633000,43780,351.89
1577635664000,43780,351.86
1577635696000,43793.6,352.96
1577635727000,43793.6,352.72
1577635758000,43793.6,352.72
1577635790000,43800,353.79
1577635821000,43800,353.79
1577635854000,43800,353.72
1577635892000,43755,353.73
1577635923000,43800,355.20
1577635954000,43800,355.05
1577635987000,43800,355.35
1577636018000,43800,355.33
1577636050000,43816.9,355.93
1577636081000,43816.9,356.01
1577636114000,43816.9,356.01
1577636146000,43816.9,354.86
1577636177000,43816.9,354.86
1577636208000,43816.9,354.86
1577636240000,43816.9,354.86
1577636273000,43816.9,354.86
1577636305000,43816.9,354.45
1577636336000,43816.9,354.44
1577636367000,43830.8,354.46
1577636398000,43829,354.62
1577636429000,43829,354.62
1577636461000,43829,354.41
1577636492000,43850,354.42
1577636523000,43850,354.42
1577636554000,43711.2,354.43
1577636585000,43711.2,354.38
1577636616000,43711.2,354.59
1577636648000,43711.2,353.60
1577636679000,43711.2,353.55
1577636711000,43711.2,353.55
1577636742000,43849,353.82
1577636773000,43849,353.82
1577636804000,43849,353.82
1577636835000,43849,353.82
1577636867000,43849,353.82
1577636898000,43849,353.82
1577636929000,43849,353.81
1577636961000,43849,353.51
1577636992000,43750,354.24
1577637023000,43750,354.24
1577637054000,43750,354.15
1577637085000,43750,354.07
1577637118000,43710.6,354.12
1577637149000,43710.6,351.32
1577637180000,43710,351.45
1577637212000,43695.9,351.87
1577637243000,43695.9,351.87
1577637275000,43695.9,351.87
1577637306000,43698,351.88
1577637337000,43698,351.88
1577637368000,43698,351.86
1577637400000,43698,351.84
1577637431000,43698,351.83
1577637463000,43698,351.79
1577637495000,43698,351.78
1577637526000,43698,351.69
1577637558000,43698,351.69
1577637589000,43698,350.89
1577637620000,43698,350.89
1577637652000,43698,351.09
1577637684000,43698,350.75
1577637715000,43698,350.08
1577637746000,43698,350.15
1577637777000,43698,349.92
1577637808000,43698,349.90
1577637840000,43698,349.90
1577637871000,43698,349.90
1577637903000,43698,349.90
1577637934000,43698,348.54
1577637966000,43698,348.54
1577637997000,43698,348.52
1577638028000,43698,348.52
1577638060000,43750,348.58
1577638093000,43750,348.57
1577638126000,43698,348.64
1577638201000,43695.9,348.91
1577638232000,43750,349.82
1577638321000,43750,349.80
1577638352000,43695.9,349.91
1577638383000,43695.9,349.91
1577638415000,43695.9,349.89
1577638446000,43695.9,346.31
1577638477000,43695.9,346.31
1577638508000,43695.9,346.39
1577638540000,43695.9,346.39
1577638571000,43695.9,346.16
1577638602000,43695.9,345.91
1577638636000,43695.9,345.91
1577638699000,43695.9,345.94
1577638830000,43695.9,345.95
1577638931000,43695.9,345.96
1577638967000,43695.9,345.96
1577639005000,43695.9,345.84
1577639045000,43695.9,345.80
1577639083000,43695.9,345.80
1577639161000,43695.9,345.78
1577639200000,43695.9,345.60
1577639239000,43695.9,345.60
1577639277000,43695.9,345.60
1577639315000,43695.9,345.60
1577639351000,43695.9,345.47
1577640121000,43697.9,344.18
1577640160000,43695,344.43
1577640199000,43695,344.80
1577640237000,43695,344.88
1577640277000,43695,344.80
1577640315000,43699,344.80
1577640355000,43699,344.16
1577640394000,43699,344.16
1577640433000,43699,344.17
1577640472000,43699,344.34
1577640511000,43699,344.34
1577640549000,43699,344.34
1577640589000,43699,344.34
1577640627000,43700,344.41
1577640666000,43700,344.41
1577640705000,43700,344.41
1577640744000,43798.3,344.59
1577640782000,43700,344.61
1577640821000,43700,344.61
1577640855000,43700,344.61
1577640886000,43700,344.62
1577640917000,43700,344.62
1577640948000,43700,344.60
1577640980000,43700,344.60
1577641011000,43700,344.59
1577641042000,43700,344.59
1577641073000,43700,344.59
1577641104000,43700,344.59
1577641136000,43700,344.53
1577641168000,43701,344.04
1577641201000,43701,343.74
1577641240000,43701,343.73
1577641280000,43701,343.73
1577641319000,43701,343.73
1577641358000,43701,343.78
1577641396000,43701,343.78
1577641435000,43798.9,343.93
1577641474000,43800,343.63
1577641513000,43800,343.63
1577641551000,43701,343.95
1577641591000,43701,343.72
1577641630000,43701,343.72
1577641668000,43701,343.39
1577641921000,43773,342.44
1577642041000,43773,342.30
1577642074000,43773,340.24
1577642112000,43773,339.28
1577642151000,43773,338.28
1577642188000,43773,338.26
1577642225000,43798.9,338.42
1577642263000,43798.9,338.44
1577642400000,43800,338.59
1577642655000,43800,338.76
1577642686000,43800,338.82
1577642718000,43800,338.82
1577642749000,43800,338.53
1577642781000,43800,338.53
1577642813000,43773,338.54
1577642844000,43773,338.54
1577642876000,43778,339.17
1577642907000,43778,339.17
1577642939000,43778,339.17
1577642971000,43778,339.17
1577643002000,43778,339.17
1577643033000,43778,338.67
1577643065000,43778,338.67
1577643096000,43773,338.27
1577643127000,43773,338.49
1577643159000,43773,338.49
1577643190000,43773,338.29
1577643222000,43773,338.29
1577643253000,43773,338.29
1577643284000,43773,338.29
1577643316000,43773,338.29
1577643347000,43773,338.29
1577643378000,43773,338.03
1577643410000,43773,338.03
1577643442000,43773,338.03
1577643473000,43773,338.00
1577643505000,43773,337.97
1577643536000,43773,337.97
1577643568000,43773,337.97
1577643600000,43773,337.97
1577643631000,43773,337.97
1577643663000,43773,337.97
1577643695000,43773,337.22
1577643726000,43800,337.26
1577643758000,43800,337.26
1577643790000,43800,337.26
1577643821000,43800,337.26
1577643853000,43799,337.22
1577643885000,43799,337.22
1577643916000,43799,337.22
1577643948000,43773,337.03
1577643982000,43773,337.03
1577644013000,43773,337.03
1577644046000,43773,337.03
1577644078000,43773,337.03
1577644109000,43775,337.67
1577644141000,43775,337.67
1577644172000,43775,337.63
1577644204000,43775,337.63
1577644235000,43775,337.62
1577644267000,43775,337.59
1577644298000,43775,337.50
1577644330000,43795,337.55
1577644361000,43773,337.90
1577644393000,43850,338.29
1577644425000,43894,339.16
1577644457000,43899,339.16
1577644488000,43899,338.67
1577644520000,43899,338.67
1577644552000,43899,338.95
1577644583000,43899,338.95
1577644615000,43856,338.93
1577644646000,43880,338.96
1577644678000,43880,338.96
1577644709000,43880,336.44
1577644740000,43880,336.46
1577644772000,43880,336.75
1577644804000,43880,336.75
1577644835000,43780,336.74
1577644869000,43900,336.65
1577644909000,43900,335.64
1577644948000,43900,333.42
1577644988000,43900,333.24
1577645026000,43900,333.24
1577645064000,43900,333.24
1577645102000,43900,333.24
1577645140000,43900,333.03
1577645175000,43900,332.39
1577645212000,43774,332.34
1577645249000,43774,332.34
1577645288000,43774,332.34
1577645324000,43774,331.74
1577645362000,43774,331.62
1577645399000,43774,331.62
1577645437000,43774,331.51
1577645474000,43800,331.54
1577645513000,43800,331.54
1577645551000,43800,331.54
1577645589000,43800.1,331.54
1577645626000,43800.1,331.34
1577645665000,43800.1,331.34
1577645702000,43800.1,331.26
1577645739000,43877.5,331.33
1577645777000,43800.1,331.38
1577645813000,43800.1,330.97
1577645851000,43800.1,330.74
1577645890000,43801,330.93
1577645927000,43801,330.93
1577645963000,43801,330.93
1577645999000,43801,330.93
1577646037000,43877.3,330.95
1577646073000,43877.3,330.95
1577646111000,43877.3,330.95
1577646148000,43877.3,330.95
1577646184000,43877.3,330.95
1577646220000,43860,331.18
1577646256000,43815,331.20
1577646289000,43815,331.19
1577646321000,43815,331.19
1577646352000,43815,331.19
1577646383000,43815,331.19
1577646414000,43815,331.19
1577646445000,43815,331.19
1577646476000,43815,330.94
1577646507000,43801,333.53
1577646542000,43860,333.82
1577646582000,43860,333.78
1577646621000,43860,334.03
1577646659000,43860,334.03
1577646699000,43801,334.03
1577646737000,43860,333.20
1577646776000,43801,333.19
1577646814000,43801,332.67
1577646850000,43801,332.50
1577646888000,43801,332.33
1577646924000,43860,332.33
1577646961000,43801,332.44
1577646997000,43801,332.47
1577647034000,43800,332.50
1577647070000,43800,332.44
1577647108000,43801,332.44
1577647144000,43801,332.25
1577647182000,43801,332.22
1577647218000,43801,331.38
1577647255000,43801,331.38
1577647293000,43801,330.38
1577647330000,43801,330.38
1577647368000,43805,330.69
1577647405000,43805,330.68
1577647441000,43805,330.68
1577647479000,43860,330.75
1577647514000,43860,330.76
1577647551000,43860,330.76
1577647584000,43860,328.78
1577647615000,43860,328.85
1577647648000,43860,328.85
1577647685000,43860,328.85
1577647721000,43865,328.85
1577647760000,43801,328.93
1577647800000,43870,328.93
1577647837000,43877.5,328.93
1577647868000,43877.5,328.93
1577647903000,43877.5,328.93
1577647942000,43877.5,328.93
1577647981000,43877.5,328.92
1577648020000,43865,328.42
1577648060000,43865,328.41
1577648099000,43865,328.85
1577648139000,43865,328.60
1577648178000,43865,328.60
1577648217000,43801,327.25
1577648256000,43865,328.48
1577648296000,43801,328.93
1577648335000,43801,328.90
1577648374000,43801,328.90
1577648414000,43801,328.65
1577648454000,43801,328.86
1577648493000,43865,330.18
1577648532000,43950,332.48
1577648571000,43950,332.59
1577648610000,43950,332.60
1577648649000,43950,334.70
1577648689000,43950,334.74
1577648730000,43850,335.14
1577648769000,43950,335.15
1577648810000,43950,335.67
1577648849000,43850,335.67
1577648888000,43950,336.42
1577648927000,43960,336.42
1577648967000,44000,339.37
1577649004000,44000,339.47
1577649040000,44000,339.68
1577649077000,43999,339.81
1577649111000,43900,339.88
1577649146000,43900,339.88
1577649184000,43999,340.51
1577649221000,43999,340.51
1577649256000,44030,340.73
1577649293000,44050,340.83
1577649332000,44150,342.51
1577649369000,44200,342.62
1577649405000,44155,343.90
1577649444000,44031.7,345.25
1577649485000,44150,346.32
1577649523000,44150,346.01
1577649563000,44087.1,346.93
1577649602000,44200,346.94
1577649637000,44200,347.13
1577649673000,44100.1,348.02
1577649711000,44033.6,348.13
1577649749000,44030,348.57
1577649787000,44030,348.72
1577649824000,44030,349.19
1577649862000,44175,349.47
1577649896000,44175,349.47
1577649978000,44030,349.51
1577650010000,44148,349.60
1577650048000,44180,350.47
1577650086000,44200,351.84
1577650125000,44200,353.65
1577650164000,44230,354.53
1577650204000,44155,354.77
1577650241000,44230,354.15
1577650280000,44230,357.06
1577650320000,44230,357.06
1577650362000,44200,358.01
1577650399000,44200,358.02
1577650435000,44200,358.04
1577650472000,44220,359.03
1577650508000,44200,359.11
1577650546000,44219.9,359.92
1577650583000,44200,357.63
1577650621000,44219.3,357.66
1577650658000,44219.3,357.92
1577650694000,44223,360.75
1577650730000,44229,360.87
1577650767000,44220,361.19
1577650805000,44230.1,360.51
1577650844000,44231,360.74
1577650881000,44250,361.42
1577650919000,44300,362.80
1577650956000,44250,362.95
1577650994000,44250,363.99
1577651031000,44346,364.52
1577651067000,44346,367.74
1577651106000,44346,370.81
1577651142000,44270,370.81
1577651179000,44388,371.35
1577651216000,44375,373.02
1577651253000,44387,373.26
1577651291000,44375,374.14
1577651329000,44300,375.16
1577651367000,44111,377.16
1577651401000,44111.1,377.64
1577651436000,43902,378.80
1577651472000,43950,378.95
1577651509000,43999,379.46
1577651545000,43960,380.08
1577651581000,43750,382.19
1577651618000,43898,383.18
1577651655000,43650,383.31
1577651694000,43660,383.57
1577651732000,43675,383.62
1577651771000,43675,383.62
1577651809000,43750,383.67
1577651848000,43750,382.22
1577651885000,43750,382.97
1577651924000,43616,383.93
1577651962000,43535,388.94
1577651999000,43535,389.24
1577652037000,43539,389.29
1577652073000,43794,389.53
1577652111000,43570,388.37
1577652149000,43620,389.77
1577652188000,43580,390.35
1577652226000,43560,391.31
1577652262000,43562,391.47
1577652300000,43580,396.66
1577652338000,43581,397.11
1577652376000,43605,397.13
1577652415000,43605,397.12
1577652454000,43605,397.12
1577652493000,43605,395.12
1577652532000,43605,395.09
1577652570000,43532,397.58
1577652609000,43500,399.93
1577652647000,43402.1,400.23
1577652684000,43366,401.70
1577652724000,43366,401.70
1577652764000,43401,401.83
1577652803000,43500,401.88
1577652841000,43500,401.88
1577652877000,43500,401.88
1577652935000,43594,401.88
1577652967000,43597.8,401.97
1577652999000,43600,402.45
1577653031000,43600,402.43
1577653063000,43600,402.43
1577653095000,43600,402.43
1577653127000,43600,402.43
1577653160000,43690,402.48
1577653192000,43690,402.48
1577653231000,43690,402.48
1577653272000,43746,403.44
1577653305000,43746,403.48
1577653341000,43746,403.46
1577653380000,43500,403.94
1577653419000,43500,404.08
1577653458000,43500,404.08
1577653498000,43500,404.08
1577653536000,43500,404.07
1577653576000,43500,403.52
1577653614000,43500,403.52
1577653651000,43500,403.52
1577653693000,43500,403.52
1577653732000,43502.4,404.78
1577653769000,43502.4,404.89
1577653806000,43503,404.97
1577653844000,43503,404.82
1577653883000,43505,405.43
1577653920000,43505,405.43
1577653959000,43511,405.71
1577653998000,43511,405.63
1577654037000,43511,405.63
1577654074000,43511,405.58
1577654113000,43620,404.09
1577654149000,43625,404.24
1577654181000,43625,404.24
1577654212000,43624,404.25
1577654243000,43624,404.25
1577654274000,43624,404.25
1577654306000,43624,404.25
1577654337000,43624,404.25
1577654369000,43625,404.26
1577654401000,43625,404.26
1577654433000,43625,404.26
1577654464000,43625,404.26
1577654496000,43625,404.21
1577654527000,43649.3,403.92
1577654559000,43649.3,403.08
1577654590000,43649.3,403.07
1577654622000,43649.3,403.01
1577654653000,43649.3,403.01
1577654684000,43649.3,403.01
1577654716000,43650,402.99
1577654747000,43650,402.99
1577654778000,43736,404.13
1577654810000,43700,404.13
1577654841000,43700,404.13
1577654872000,43700,404.11
1577654903000,43700,404.11
1577654935000,43550,404.41
1577654966000,43550,404.41
1577655001000,43550,404.41
1577655038000,43550,404.45
1577655072000,43452,404.88
1577655103000,43452,404.88
1577655139000,43695.6,404.91
1577655179000,43695.6,404.91
1577655215000,43695.6,404.91
1577655247000,43695.6,404.84
1577655279000,43695.6,404.84
1577655315000,43695.6,401.42
1577655346000,43695.6,401.30
1577655377000,43555,401.44
1577655411000,43555,401.33
1577655443000,43555,401.33
1577655476000,43555,401.33
1577655514000,43600,402.32
1577655549000,43600,402.30
1577655582000,43600,402.30
1577655613000,43600,402.30
1577655653000,43600,402.29
1577655685000,43600,402.29
1577655718000,43600,402.53
1577655755000,43600,402.53
1577655788000,43600,402.48
1577655822000,43600,403.25
1577655858000,43600,403.25
1577655893000,43600,403.25
1577655931000,43600,403.25
1577655965000,43600,403.75
1577656000000,43600,403.75
1577656036000,43759,403.74
1577656072000,43759,403.74
1577656106000,43759,403.74
1577656139000,43759,403.74
1577656175000,43759,403.74
1577656208000,43571,403.77
1577656243000,43571,403.77
1577656278000,43571,403.77
1577656314000,43571,403.77
1577656353000,43866,404.90
1577656386000,43860,404.86
1577656424000,43859.2,404.84
1577656462000,43859.2,404.84
1577656502000,43859.2,404.84
1577656536000,43859.2,404.84
1577656574000,43859.2,404.46
1577656614000,43859.2,404.46
1577656656000,43859.2,404.46
1577656694000,43798.6,404.46
1577656733000,43798.6,404.46
1577656767000,43798.6,404.46
1577656801000,43749.6,404.53
1577656834000,43749.6,404.53
1577656870000,43749.6,404.38
1577656907000,43749.6,404.38
1577656946000,43749.6,403.43
1577656983000,43605,403.44
1577657019000,43605,402.94
1577657057000,43605,403.12
1577657092000,43605,403.12
1577657127000,43605,403.12
1577657161000,43605,403.12
1577657195000,43605.2,403.19
1577657233000,43606,403.24
1577657270000,43606,403.07
1577657304000,43606,403.06
1577657341000,43606,403.06
1577657374000,43606,403.06
1577657409000,43606,403.06
1577657443000,43625,403.67
1577657481000,43625,403.67
1577657516000,43625,403.67
1577657553000,43625,403.67
1577657591000,43625,403.67
1577657630000,43749,403.68
1577657668000,43749,403.68
1577657701000,43750,403.73
1577657743000,43750,403.73
1577657778000,43750,403.73
1577657811000,43750,403.73
1577657849000,43799,403.91
1577657884000,43799,403.68
1577657918000,43750.1,403.86
1577657956000,43750,404.04
1577657992000,43750,404.42
1577658029000,43750,404.42
1577658064000,43750,404.41
1577658100000,43750,404.41
1577658133000,43750,404.39
1577658167000,43750,404.39
1577658201000,43750,404.39
1577658237000,43750,404.39
1577658275000,43750,404.39
1577658309000,43750,403.38
1577658348000,43750,403.38
1577658385000,43750,403.38
1577658421000,43750,403.38
1577658459000,43750,403.38
1577658493000,43750,403.38
1577658529000,43750,403.38
1577658563000,43750,403.38
1577658600000,43750,403.38
1577658635000,43750,403.38
1577658673000,43834,402.49
1577658712000,43750,402.83
1577658749000,43750,402.88
1577658789000,43750,402.84
1577658826000,43750,402.66
1577658862000,43750,402.66
1577658896000,43750,402.65
1577658931000,43750,402.65
1577658969000,43750,402.65
1577659006000,43750,402.65
1577659043000,43765.9,402.89
1577659081000,43766,402.90
1577659118000,43760,403.41
1577659155000,43760,403.91
1577659190000,43751,403.72
1577659226000,43741,403.44
1577659262000,43741,403.26
1577659297000,43741,403.26
1577659334000,43741,403.26
1577659369000,43741,403.26
1577659412000,43741,403.26
1577659447000,43741,403.26
1577659483000,43700,403.39
1577659520000,43700,403.39
1577659559000,43700,403.39
1577659592000,43819,403.39
1577659635000,43819,403.34
1577659672000,43819,403.33
1577659706000,43819,403.33
1577659740000,43819,403.33
1577659777000,43819,403.30
1577659814000,43819,403.30
1577659849000,43819,403.30
1577659886000,43819,403.30
1577659920000,43819,403.30
1577659955000,43819,403.29
1577659992000,43819,403.29
1577660029000,43819,403.29
1577660068000,43819,403.29
1577660103000,43819,403.29
1577660138000,43723,403.30
1577660177000,43721,403.50
1577660216000,43721,403.74
1577660252000,43721,403.73
1577660289000,43721,403.73
1577660326000,43721,403.73
1577660363000,43721,403.73
1577660396000,43721,403.73
1577660432000,43721,403.70
1577660471000,43525,403.72
1577660511000,43525,403.71
1577660547000,43525,403.71
1577660584000,43525,403.71
1577660618000,43525,403.71
1577660654000,43525,403.91
1577660693000,43525,403.91
1577660730000,43602.4,403.92
1577660768000,43602.4,403.92
1577660804000,43605,404.12
1577660839000,43525,404.30
1577660878000,43525,404.30
1577660914000,43525,404.50
1577660949000,43525,404.50
1577660984000,43525,404.50
1577661020000,43525,404.50
1577661054000,43525,404.50
1577661094000,43525,404.50
1577661131000,43525,404.50
1577661164000,43525,404.50
1577661200000,43525,404.50
1577661238000,43605,404.55
1577661273000,43605,404.55
1577661307000,43605,404.55
1577661346000,43605,404.55
1577661381000,43605,404.55
1577661418000,43605,404.55
1577661453000,43605,404.55
1577661489000,43605,404.55
1577661524000,43605,404.55
1577661561000,43605,404.55
1577661595000,43605,404.52
1577661629000,43605,404.52
1577661664000,43605,404.54
1577661699000,43605,404.54
1577661733000,43605,404.54
1577661766000,43605,404.54
1577661801000,43605,404.54
1577661836000,43605,404.54
1577661871000,43605,404.54
1577661909000,43605,404.55
1577661942000,43605,404.65
1577661978000,43605,404.65
1577662011000,43605,404.65
1577662048000,43605,404.65
1577662084000,43605,404.65
1577662119000,43605,404.60
1577662153000,43605,404.60
1577662188000,43605,404.60
1577662223000,43605,404.60
1577662257000,43605,404.60
1577662292000,43605,404.60
1577662329000,43605,404.60
1577662366000,43605,404.60
1577662400000,43605,404.60
1577662434000,43605,404.60
1577662468000,43605,404.60
1577662503000,43605,404.48
1577662535000,43605,404.48
1577662571000,43605,404.48
1577662611000,43605,404.46
1577662645000,43605,404.46
1577662678000,43605,404.46
1577662716000,43605,404.46
1577662750000,43605,404.50
1577662787000,43605,404.50
1577662825000,43605,404.50
1577662861000,43605,404.48
1577662897000,43605,404.48
1577662932000,43605,404.48
1577662968000,43605,404.48
1577663006000,43605,404.48
1577663041000,43605,404.48
1577663075000,43605,404.48
1577663112000,43605,404.48
1577663147000,43605,404.48
1577663181000,43605,404.48
1577663216000,43605,404.49
1577663253000,43605,404.49
1577663289000,43605,404.49
1577663326000,43605,404.49
1577663366000,43605,404.79
1577663401000,43605,404.79
1577663434000,43605,405.19
1577663468000,43605,405.19
1577663506000,43605,405.19
1577663546000,43605,405.19
1577663582000,43605,405.19
1577663616000,43605,405.19
1577663651000,43605,405.04
1577663684000,43605,405.04
1577663719000,43605,405.04
1577663751000,43605,405.03
1577663785000,43605,405.03
1577663820000,43605,405.03
1577663865000,43756,405.26
1577663903000,43756,405.26
1577663939000,43756,405.20
1577663974000,43756,404.72
1577664009000,43756,404.72
1577664046000,43756,404.72
1577664082000,43650,404.92
1577664116000,43650,404.92
1577664151000,43650,404.92
1577664185000,43650,404.92
1577664218000,43650,404.92
1577664257000,43650,404.91
1577664295000,43650,404.91
1577664333000,43650,404.96
1577664366000,43650,404.96
1577664402000,43650,404.96
1577664443000,43650,404.96
1577664475000,43650,404.96
1577664511000,43650,404.96
1577664544000,43650,404.96
1577664577000,43650,404.96
1577664611000,43756,405.35
1577664647000,43756,405.46
1577664682000,43756,405.46
1577664716000,43756,405.46
1577664752000,43756,405.46
1577664786000,43756,405.46
1577664819000,43528.6,406.03
1577664857000,43501,406.67
1577664893000,43500,407.72
1577664927000,43500,407.72
1577664961000,43500,407.72
1577664995000,43500,407.71
1577665031000,43500,407.60
1577665068000,43500,407.60
1577665103000,43500,406.80
1577665137000,43500,406.80
1577665170000,43500,406.80
1577665203000,43500,406.80
1577665241000,43500,406.80
1577665275000,43500,406.80
1577665309000,43500,406.80
1577665343000,43500,406.80
1577665376000,43500,406.80
1577665412000,43500,406.80
1577665446000,43500,406.80
1577665483000,43500,406.80
1577665519000,43500,406.80
1577665552000,43500,406.80
1577665589000,43500,406.80
1577665625000,43500,406.80
1577665660000,43500,406.80
1577665696000,43500,406.80
1577665729000,43500,406.80
1577665764000,43500,406.80
1577665798000,43500,406.80
1577665831000,43500,406.80
1577665868000,43500,406.80
1577665905000,43500,406.80
1577665943000,43500,406.80
1577665976000,43500,406.80
1577666019000,43500,406.80
1577666052000,43500,406.80
1577666086000,43500,406.80
1577666122000,43500,406.80
1577666159000,43500,406.80
1577666194000,43500,406.80
1577666230000,43500,406.80
1577666263000,43500,406.80
1577666299000,43500,406.75
1577666332000,43500,406.55
1577666368000,43500,406.55
1577666401000,43500,406.65
1577666435000,43500,406.65
1577666471000,43500,406.65
1577666507000,43500,406.65
1577666545000,43500,406.65
1577666585000,43500,406.65
1577666627000,43500,406.65
1577666659000,43500,406.65
1577666693000,43500,406.67
1577666728000,43500,406.67
1577666761000,43500,406.67
1577666808000,43500,406.67
1577666845000,43500,406.67
1577666880000,43500,406.64
1577666913000,43500,406.64
1577666948000,43500,406.64
1577666988000,43500,406.64
1577667020000,43500,406.64
1577667059000,43500,406.50
1577667099000,43500,406.50
1577667137000,43500,406.50
1577667173000,43500,406.50
1577667208000,43500,406.50
1577667244000,43500,406.50
1577667277000,43500,406.50
1577667315000,43500,406.50
1577667350000,43500,406.50
1577667385000,43500,406.50
1577667418000,43500,406.50
1577667453000,43500,406.50
1577667487000,43500,406.87
1577667522000,43500,406.87
1577667558000,43500,406.87
1577667591000,43500,406.87
1577667631000,43500,406.85
1577667671000,43500,406.85
1577667705000,43500,406.85
1577667740000,43500,406.85
1577667774000,43500,406.73
1577667810000,43500,406.73
1577667843000,43500,406.73
1577667878000,43425,406.73
1577667918000,43425,406.73
1577667952000,43425,406.73
1577667986000,43425,406.73
1577668022000,43425,406.73
1577668059000,43409,406.82
1577668095000,43409,406.84
1577668132000,43409,406.84
1577668167000,43409,406.84
1577668199000,43409,406.84
1577668233000,43409,406.82
1577668266000,43409,406.82
1577668299000,43409,406.82
1577668335000,43409,406.82
1577668378000,43371,406.84
1577668417000,43371,406.84
1577668453000,43371,406.84
1577668490000,43371,406.84
1577668523000,43371,406.84
1577668560000,43371,406.98
1577668593000,43371,406.98
1577668630000,43370,407.01
1577668670000,43370,407.01
1577668705000,43370,407.01
1577668738000,43370,407.01
1577668774000,43370,407.01
1577668807000,43370,407.01
1577668843000,43370,407.01
1577668887000,43370,407.01
1577668920000,43370,407.01
1577668956000,43370,407.01
1577668992000,43370,407.01
1577669029000,43370,407.01
1577669062000,43370,407.01
1577669100000,43370,407.05
1577669134000,43370,407.02
1577669173000,43370,407.02
1577669209000,43370,407.02
1577669246000,43370,407.02
1577669282000,43370,407.02
1577669317000,43370,407.02
1577669350000,43370,407.02
1577669383000,43370,407.02
1577669418000,43370,407.02
1577669452000,43370,407.02
1577669486000,43370,407.02
1577669523000,43370,407.02
1577669560000,43370,407.02
1577669596000,43370,407.02
1577669633000,43370,407.02
1577669670000,43370,407.02
1577669704000,43370,407.02
1577669738000,43370,407.02
1577669774000,43370,407.02
1577669809000,43370,407.02
1577669843000,43370,407.02
1577669881000,43370,407.02
1577669916000,43370,407.02
1577669952000,43370,407.02
1577669985000,43370,407.02
1577670021000,43370,407.02
1577670054000,43370,407.02
1577670092000,43370,407.02
1577670128000,43370,407.02
1577670165000,43406.1,407.02
1577670200000,43406.1,407.02
1577670241000,43415.1,407.09
1577670274000,43415.1,407.09
1577670309000,43415.1,407.09
1577670343000,43415.1,407.09
1577670379000,43415.1,407.09
1577670415000,43415.1,407.09
1577670450000,43415.1,407.09
1577670485000,43415.1,407.09
1577670521000,43415.1,407.09
1577670556000,43415.1,407.09
1577670589000,43415.1,407.09
1577670624000,43415.1,405.93
1577670661000,43415.1,405.93
1577670700000,43415.1,405.93
1577670735000,43415.1,405.09
1577670771000,43415.1,405.09
1577670807000,43415.1,405.09
1577670841000,43415.1,405.09
1577670879000,43415.1,405.08
1577670914000,43415.1,405.03
1577670948000,43415.1,405.03
1577670982000,43415.1,405.03
1577671024000,43415.1,405.03
1577671063000,43415.1,405.03
1577671101000,43415.1,405.01
1577671140000,43415.1,405.01
1577671178000,43415.1,405.01
1577671222000,43730,405.16
1577671261000,43730,405.36
1577671299000,43730,405.36
1577671338000,43730,405.36
1577671378000,43730,405.36
1577671416000,43730,405.27
1577671454000,43730,405.27
1577671492000,43730,405.27
1577671531000,43500,405.41
1577671569000,43500,405.41
1577671608000,43500,405.41
1577671647000,43500,405.51
1577671686000,43500,405.50
1577671725000,43500,405.50
1577671762000,43500,405.50
1577671800000,43500,405.50
1577671839000,43500,405.50
1577671874000,43500,405.50
1577671911000,43500,405.50
1577671947000,43500,405.50
1577671981000,43740,405.51
1577672014000,43740,405.51
1577672050000,43740,405.51
1577672085000,43740,405.51
1577672122000,43740,405.51
1577672158000,43740,405.51
1577672192000,43740,405.51
1577672227000,43740,405.51
1577672264000,43740,405.51
1577672305000,43740,405.51
1577672338000,43740,405.51
1577672374000,43740,405.51
1577672410000,43740,405.51
1577672444000,43740,405.51
1577672481000,43740,405.51
1577672516000,43740,405.51
1577672550000,43740,405.51
1577672585000,43740,405.51
1577672620000,43740,405.51
1577672653000,43740,405.51
1577672690000,43740,405.51
1577672725000,43740,405.51
1577672761000,43740,405.51
1577672797000,43740,405.51
1577672836000,43740,405.49
1577672869000,43740,405.49
1577672905000,43740,405.49
1577672938000,43740,405.49
1577672973000,43740,405.49
1577673010000,43740,405.49
1577673045000,43740,405.49
1577673080000,43740,405.49
1577673119000,43740,405.49
1577673158000,43740,405.49
1577673192000,43740,405.49
1577673225000,43740,405.49
1577673259000,43740,405.49
1577673296000,43500,405.58
1577673330000,43500,405.58
1577673364000,43500,405.58
1577673397000,43500,405.58
1577673431000,43500,405.58
1577673465000,43500,405.58
1577673498000,43500,405.58
1577673534000,43500,405.58
1577673568000,43500,405.58
1577673600000,43500,405.58
1577673638000,43740,405.58
1577673673000,43740,405.58
1577673712000,43740,405.58
1577673746000,43740,405.58
1577673779000,43740,405.58
1577673814000,43740,405.38
1577673847000,43740,405.38
1577673882000,43740,405.38
1577673916000,43740,405.38
1577673951000,43740,405.38
1577673986000,43740,405.38
1577674020000,43740,405.38
1577674058000,43740,405.38
1577674093000,43740,405.38
1577674130000,43740,405.38
1577674166000,43740,405.38
1577674199000,43740,405.38
1577674237000,43740,405.38
1577674270000,43740,405.38
1577674306000,43740,405.38
1577674346000,43740,405.38
1577674381000,43740,405.27
1577674415000,43740,405.27
1577674448000,43740,405.27
1577674481000,43740,405.27
1577674515000,43740,405.27
1577674550000,43740,405.27
1577674588000,43740,405.27
1577674627000,43740,405.27
1577674663000,43740,405.27
1577674697000,43754.7,405.36
1577674730000,43754.7,405.36
1577674765000,43754.7,405.36
1577674801000,43754.7,405.36
1577674835000,43754.7,405.36
1577674868000,43754.7,405.36
1577674904000,43754.7,405.36
1577674941000,43754.7,405.36
1577674976000,43754.7,405.36
1577675009000,43754.7,405.36
1577675046000,43754.7,405.36
1577675080000,43754.7,405.36
1577675114000,43754.7,405.36
1577675149000,43754.7,405.36
1577675183000,43754.7,405.36
1577675219000,43754.7,405.36
1577675252000,43754.7,405.36
1577675293000,43754.7,405.36
1577675332000,43754.7,405.36
1577675367000,43754.7,405.36
1577675400000,43754.7,405.36
1577675437000,43754.7,405.36
1577675471000,43754.7,405.36
1577675504000,43754.7,405.36
1577675541000,43754.7,405.36
1577675574000,43754.7,405.36
1577675609000,43754.7,405.36
1577675641000,43754.7,405.36
1577675675000,43754.7,405.36
1577675710000,43754.7,405.36
1577675744000,43754.7,405.36
1577675778000,43754.7,405.36
1577675815000,43754.7,405.36
1577675851000,43754.7,405.36
1577675885000,43754.7,405.36
1577675923000,43754.7,405.36
1577675963000,43754.7,405.36
1577675995000,43754.7,405.32
1577676030000,43754.7,405.32
1577676065000,43754.7,405.32
1577676098000,43754.8,405.40
1577676131000,43754.8,405.40
1577676167000,43754.8,405.40
1577676206000,43754.8,405.40
1577676239000,43754.8,405.40
1577676275000,43754.8,405.40
1577676313000,43754.8,405.40
1577676349000,43754.8,405.40
1577676387000,43754.8,405.40
1577676420000,43754.8,405.40
1577676454000,43754.8,405.40
1577676488000,43754.8,405.40
1577676524000,43754.8,405.40
1577676557000,43754.8,405.40
1577676593000,43754.8,405.40
1577676627000,43754.8,405.40
1577676661000,43754.8,405.40
1577676696000,43754.8,405.40
1577676733000,43754.8,405.40
1577676776000,43754.8,405.40
1577676813000,43754.8,405.40
1577676849000,43754.8,405.38
1577676881000,43754.8,405.38
1577676915000,43754.8,405.34
1577676951000,43754.8,405.34
1577676990000,43754.8,405.34
1577677026000,43754.8,405.34
1577677059000,43754.8,405.34
1577677094000,43754.8,405.34
1577677130000,43754.8,405.34
1577677163000,43754.8,405.34
1577677196000,43754.8,405.30
1577677232000,43754.8,405.08
1577677269000,43754.8,405.08
1577677302000,43754.8,405.08
1577677341000,43754.8,405.08
1577677374000,43754.8,405.08
1577677415000,43754.8,405.08
1577677451000,43754.8,405.08
1577677484000,43754.8,405.08
1577677518000,43754.8,405.08
1577677555000,43754.8,405.07
1577677592000,43754.8,405.07
1577677629000,43754.8,405.07
1577677662000,43754.8,405.07
1577677700000,43754.8,404.71
1577677734000,43754.8,404.71
1577677770000,43754.8,404.71
1577677804000,43754.8,404.71
1577677843000,43754.8,404.71
1577677877000,43754.8,404.71
1577677910000,43754.8,404.71
1577677946000,43754.8,404.71
1577677981000,43754.8,404.71
1577678014000,43754.8,404.71
1577678056000,43550.6,404.78
1577678091000,43550.6,404.78
1577678126000,43550.6,404.78
1577678163000,43550,405.33
1577678198000,43749.1,406.74
1577678231000,43749.1,406.74
1577678265000,43749.1,406.74
1577678299000,43749.1,406.74
1577678333000,43749.1,406.74
1577678372000,43749.1,406.74
1577678406000,43749.1,406.74
1577678443000,43749.1,406.74
1577678479000,43749.1,406.74
1577678515000,43749.1,406.74
1577678559000,43749.1,406.74
1577678593000,43749.1,406.74
1577678630000,43749.1,406.74
1577678664000,43749.1,406.74
1577678701000,43749.1,406.74
1577678735000,43749.1,406.74
1577678772000,43749.1,406.74
1577678810000,43749.1,406.74
1577678850000,43749.1,406.74
1577678883000,43749.1,406.74
1577678917000,43749.1,406.72
1577678952000,43749.1,406.72
1577678986000,43455,406.73
1577679024000,43455,406.73
1577679061000,43455,406.73
1577679099000,43455,406.73
1577679133000,43455,406.73
1577679167000,43470,407.11
1577679200000,43430.5,407.23
1577679234000,43430.5,407.34
1577679266000,43430.9,407.34
1577679299000,43430.9,407.34
1577679334000,43430.9,407.34
1577679369000,43430.9,407.34
1577679401000,43430.9,407.34
1577679439000,43500,407.36
1577679473000,43500,407.56
1577679512000,43500,407.72
1577679551000,43500,407.99
1577679586000,43500,407.99
1577679620000,43500,407.99
1577679660000,43500,407.99
1577679695000,43500,407.99
1577679729000,43500,407.90
1577679763000,43500,407.90
1577679803000,43500,407.90
1577679840000,43500,407.90
1577679877000,43500,407.90
1577679913000,43500,407.90
1577679948000,43500,407.90
1577679985000,43500,407.90
1577680018000,43500,407.90
1577680055000,43500,409.22
1577680093000,43500,409.22
1577680130000,43500,409.22
1577680167000,43500,409.22
1577680202000,43500,409.22
1577680237000,43500,408.47
1577680274000,43500,408.54
1577680309000,43500,408.54
1577680346000,43500,408.33
1577680382000,43500,408.33
1577680417000,43500,408.33
1577680455000,43500,408.33
1577680491000,43500,408.33
1577680529000,43500,408.33
1577680568000,43500,408.33
1577680606000,43500,408.33
1577680646000,43500,408.33
1577680680000,43500,408.33
1577680712000,43500,408.33
1577680743000,43500,408.33
1577680774000,43500,408.33
1577680806000,43500,408.32
1577680837000,43500,408.32
1577680868000,43500,408.32
1577680901000,43500,408.32
1577680932000,43500,408.27
1577680964000,43500,408.27
1577680995000,43500,408.21
1577681026000,43553,408.34
1577681057000,43553,408.34
1577681088000,43553,408.34
1577681120000,43553,408.34
1577681151000,43553,408.34
1577681182000,43553,408.34
1577681214000,43553,408.34
1577681245000,43553,408.34
1577681276000,43553,408.34
1577681308000,43553,408.34
1577681339000,43553,408.34
1577681370000,43553,408.34
1577681402000,43553,408.34
1577681433000,43553,408.34
1577681464000,43553,408.34
1577681496000,43553,408.34
1577681527000,43553,408.34
1577681559000,43553,408.34
1577681590000,43553,408.34
1577681621000,43553,408.34
1577681653000,43553,408.34
1577681684000,43553,408.32
1577681715000,43553,408.32
1577681746000,43553,408.32
1577681778000,43553,408.32
1577681809000,43553,408.32
1577681840000,43553,408.32
1577681872000,43553,408.32
1577681903000,43553,408.32
1577681934000,43553,408.32
1577681965000,43553,408.32
1577681997000,43647.4,408.43
1577682028000,43647.4,408.43
1577682059000,43647.4,408.43
1577682092000,43647.4,408.43
1577682124000,43507,408.46
1577682155000,43507,408.46
1577682186000,43507,408.46
1577682217000,43507,408.46
1577682249000,43507,408.46
1577682280000,43507,408.47
1577682311000,43507,408.47
1577682342000,43507,408.47
1577682374000,43507,408.47
1577682405000,43507,408.47
1577682436000,43507,408.47
1577682468000,43507,408.47
1577682499000,43550,408.47
1577682531000,43510,408.48
1577682562000,43510,408.48
1577682593000,43510,408.48
1577682626000,43510,408.48
1577682657000,43510,408.48
1577682688000,43510,408.48
1577682719000,43510,408.48
1577682751000,43510,408.48
1577682782000,43520,408.54
1577682814000,43513,408.87
1577682845000,43513,408.87
1577682877000,43752,408.87
1577682908000,43752,408.87
1577682939000,43752,408.87
1577682971000,43752,408.87
1577683002000,43520.5,408.89
1577683034000,43520.5,408.89
1577683065000,43520.5,408.89
1577683097000,43520.5,408.89
1577683128000,43520.5,408.89
1577683159000,43520.5,408.89
1577683190000,43520.5,408.89
1577683221000,43520.5,408.88
1577683253000,43520.5,408.88
1577683284000,43520.5,408.88
1577683315000,43520.5,408.88
1577683347000,43514.5,408.89
1577683378000,43514.5,408.89
1577683409000,43514.5,408.89
1577683441000,43514.5,408.89
1577683472000,43514.5,408.89
1577683504000,43514.5,408.89
1577683535000,43514.5,408.89
1577683566000,43514.5,408.89
1577683598000,43514.5,408.89
1577683629000,43514.5,408.89
1577683660000,43514.5,408.89
1577683691000,43514.5,408.89
1577683723000,43514.5,408.89
1577683754000,43514.5,408.89
1577683786000,43514.5,408.89
1577683817000,43514.5,408.89
1577683848000,43514.5,408.89
1577683879000,43514.5,408.89
1577683911000,43514.5,408.89
1577683942000,43514.5,408.89
1577683974000,43514.5,408.89
1577684005000,43514.5,408.89
1577684037000,43514.5,408.89
1577684068000,43514.5,408.89
1577684099000,43514.5,408.89
1577684131000,43514.5,408.89
1577684162000,43553,409.56
1577684193000,43553,409.56
1577684225000,43553,409.56
1577684257000,43600,409.57
1577684288000,43600,409.57
1577684477000,43600,409.76
1577684508000,43725,409.76
1577684822000,43600,410.98
1577685001000,43600,411.44
1577685092000,43600,411.44
1577685148000,43600,411.44
1577685992000,43727.6,412.69
1577686059000,43727.6,412.69
1577686302000,43749.3,413.73
1577687400000,43558,413.92
1577687441000,43558,414.96
1577687491000,43600,415.06
1577687530000,43600,415.29
1577687560000,43600,415.29
1577687607000,43600,415.29
1577687638000,43600,415.29
1577687669000,43600,415.30
1577687700000,43550,415.93
1577687731000,43550,415.92
1577687762000,43748.8,416.09
1577687796000,43748.8,416.09
1577688102000,43551.6,416.67
1577688392000,43555,416.61
1577688422000,43555,415.52
1577688454000,43555,415.53
1577688485000,43735.2,415.55
1577688517000,43735.2,415.55
1577688549000,43553,415.67
1577688580000,43553,414.80
1577688611000,43553,414.80
1577688642000,43553,414.80
1577688673000,43736,414.91
1577688704000,43736.9,414.92
1577688735000,43736,414.94
1577688766000,43736,414.94
1577688797000,43736,414.94
1577688828000,43739,414.37
1577688859000,43739,414.39
1577688890000,43739,414.42
1577688921000,43736,414.79
1577688952000,43749,414.83
1577688983000,43836.5,415.69
1577689015000,43830,416.23
1577689045000,43830,416.23
1577689077000,43823,416.23
1577689112000,43823,416.23
1577689143000,43750,416.35
1577689174000,43750,416.35
1577689206000,43750,416.14
1577689237000,43700,416.34
1577689268000,43825,426.22
1577689301000,43700,427.44
1577689333000,43821,427.73
1577689364000,43814,427.71
1577689395000,43800,428.01
1577689427000,43823,493.23
1577689458000,43826,425.34
1577689489000,43826,425.34
1577689520000,43827,425.34
1577689551000,43827,425.34
1577689584000,43827,423.30
1577689618000,43879,426.35
1577689660000,43887.6,426.37
1577689692000,43887.6,426.37
1577689723000,43887.6,426.36
1577689754000,43835,426.37
1577689785000,43870,426.39
1577689816000,43870,426.52
1577689848000,43870,426.48
1577689879000,43870,426.48
1577689911000,43870,426.48
1577689942000,43752.7,427.17
1577689973000,43871.5,427.26
1577690004000,43871.5,427.26
1577690036000,43871.5,427.26
1577690067000,43871.5,427.26
1577690099000,43871.5,427.26
1577690131000,43871.5,427.26
1577690162000,43871.5,427.26
1577690193000,43871.5,427.24
1577690225000,43752.6,427.23
1577690257000,43752.6,427.23
1577690288000,43752.6,427.24
1577690320000,43752.6,427.24
1577690351000,43752.6,427.24
1577690383000,43752.6,427.10
1577690414000,43752.6,427.10
1577690446000,43752.6,427.10
1577690478000,43752.6,427.07
1577690510000,43752.6,427.07
1577690542000,43869,427.10
1577690574000,43752.7,427.40
1577690605000,43752.7,427.40
1577690637000,43752.7,427.57
1577690669000,43750.9,428.10
1577690700000,43750.9,428.10
1577690732000,43750.9,428.10
1577690763000,43750.9,427.97
1577690795000,43750.9,427.97
1577690827000,43750.9,427.97
1577690858000,43872.6,428.03
1577690890000,43872.6,428.23
1577690922000,43872.6,428.23
1577690954000,43872.6,428.17
1577690986000,43872.6,427.99
1577691017000,43872.6,427.99
1577691049000,43872.6,427.99
1577691081000,43872.6,427.99
1577691113000,43872.6,428.04
1577691145000,43770.3,428.15
1577691176000,43770.3,428.15
1577691208000,43770,428.16
1577691240000,43770,428.16
1577691272000,43770,428.16
1577691304000,43770,428.16
1577691335000,43770,428.16
1577691366000,43770,428.16
1577691398000,43770,428.17
1577691430000,43770,428.14
1577691462000,43770,428.18
1577691493000,43770,428.34
1577691525000,43770,428.34
1577691557000,43770,428.34
1577691588000,43770,428.57
1577691619000,43770,428.58
1577691651000,43770,428.58
1577691682000,43770,428.70
1577691715000,43770,428.70
1577691746000,43770,428.70
1577691777000,43780,428.70
1577691809000,43780,428.71
1577691840000,43780,428.71
1577691871000,43772.2,428.92
1577691902000,43850,428.60
1577691934000,43850,428.93
1577691965000,43770,428.76
1577691996000,43771,428.79
1577692028000,43847,428.91
1577692064000,43847,428.91
1577692096000,43847,428.93
1577692128000,43847,428.93
1577692159000,43771,428.93
1577692191000,43847,428.97
1577692222000,43847,428.97
1577692254000,43771,429.03
1577692285000,43752.6,429.11
1577692316000,43752,429.33
1577692347000,43750,429.82
1577692379000,43741,429.85
1577692410000,43741,429.85
1577692441000,43843,429.99
1577692472000,43736,430.15
1577692504000,43736,430.15
1577692535000,43843.1,430.96
1577692567000,43736,431.30
1577692599000,43736,431.33
1577692630000,43736,431.33
1577692661000,43736,431.33
1577692693000,43736,431.33
1577692724000,43736,431.33
1577692755000,43737,431.84
1577692787000,43737,431.85
1577692818000,43737,431.85
1577692850000,43737,431.85
1577692881000,43737,431.85
1577692912000,43737,431.85
1577692944000,43737,431.85
1577692975000,43750,431.95
1577693007000,43750,431.95
1577693038000,43750,431.95
1577693069000,43750,431.95
1577693102000,43800,431.79
1577693133000,43736.3,431.99
1577693164000,43837,432.11
1577693196000,43837,432.11
1577693228000,43839,431.97
1577693260000,43839,431.97
1577693292000,43822,431.99
1577693323000,43822,431.99
1577693354000,43822,431.99
1577693386000,43736,432.08
1577693418000,43750,432.91
1577693450000,43730,433.03
1577693481000,43730,433.03
1577693514000,43700,433.54
1577693546000,43700,433.54
1577693577000,43700,433.44
1577693609000,43694,433.53
1577693641000,43694,433.53
1577693673000,43695,433.98
1577693704000,43695,433.87
1577693736000,43700,434.32
1577693767000,43689,434.47
1577693800000,43689,434.47
1577693831000,43700,435.67
1577693863000,43700,436.12
1577693894000,43690,436.14
1577693926000,43690,436.24
1577693958000,43747.9,436.62
1577693989000,43745,436.99
1577694021000,43745,437.20
1577694053000,43745,437.38
1577694084000,43689,440.64
1577694115000,43689,440.64
1577694147000,43690,440.65
1577694179000,43665,442.04
1577694210000,43665,442.04
1577694241000,43641,442.56
1577694273000,43600,443.21
1577694304000,43600,443.18
1577694336000,43600,443.15
1577694367000,43600,443.00
1577694398000,43607,443.44
1577694429000,43607,443.44
1577694460000,43607,443.64
1577694492000,43607,443.64
1577694523000,43607,443.64
1577694554000,43738,443.64
1577694586000,43738,443.64
1577694618000,43650,443.66
1577694649000,43680,444.14
1577694680000,43680,444.14
1577694711000,43680,444.14
1577694742000,43680,444.87
1577694773000,43682,445.00
1577694804000,43682,445.22
1577694836000,43681,446.01
1577694867000,43681,446.05
1577694898000,43690,447.05
1577694929000,43690,447.67
1577694960000,43700,448.48
1577694991000,43700,448.47
1577695022000,43700,448.58
1577695054000,43730,448.60
1577695085000,43700,449.41
1577695116000,43738.6,449.56
1577695148000,43738.6,449.58
1577695179000,43650,449.76
1577695223000,43651,449.64
1577695293000,43739.9,449.71
1577706360000,43739.9,449.71
1577706420000,43739.8,447.68
1577706420000,43739.8,447.54
1577706480000,43787.3,450.39
1577706480000,43702.6,450.55
1577706540000,43844,450.05
1577706540000,43840,450.11
1577706600000,43840,450.11
1577706600000,43840,449.91
1577706660000,43840,449.91
1577706660000,43840,449.78
1577706720000,43840,449.78
1577706720000,43819,449.81
1577706780000,43805,449.81
1577706780000,43750,449.86
1577706840000,43750,449.86
1577706840000,43790,449.80
1577706900000,43750,450.15
1577706960000,43720,450.15
1577706960000,43720,450.14
1577707020000,43720,450.14
1577707020000,43720,450.14
1577707080000,null,null
1577707080000,43789,450.26
1577707080000,null,null
1577707080000,43720,450.48
1577707140000,null,null
1577707140000,43778,450.48
1577707140000,null,null
1577707140000,43722,450.20
1577707200000,null,null
1577707200000,43722,450.31
1577707200000,null,null
1577707260000,43722,450.30
1577707260000,null,null
1577707260000,43722,450.29
1577707260000,null,null
1577707320000,43778,450.44
1577707320000,null,null
1577707320000,43778,450.40
1577707380000,null,null
1577707380000,43778,450.38
1577707380000,null,null
1577707380000,43778,450.38
1577707440000,null,null
1577707440000,43722,450.47
1577707440000,null,null
1577707500000,43702,450.48
1577707500000,null,null
1577707500000,43705,450.36
1577707500000,null,null
1577707560000,43705,450.37
1577707560000,null,null
1577707560000,43705,450.72
1577707560000,null,null
1577707620000,43702,451.11
1577707620000,null,null
1577707620000,43701,451.28
1577707620000,null,null
1577707680000,43701,451.70
1577707680000,null,null
1577707680000,43701,451.69
1577707740000,null,null
1577707740000,43701,451.58
1577707740000,null,null
1577707800000,null,null
1577707800000,null,null
1577707860000,null,null
1577707920000,null,null
1577707920000,null,null
1577707980000,null,null
1577707980000,null,null
1577708040000,null,null
1577708040000,null,null
1577708100000,null,null
1577708100000,null,null
1577708160000,null,null
1577708160000,null,null
1577708220000,null,null
1577708400000,null,null
1577708460000,null,null
1577708700000,null,null
1577708760000,null,null
1577708820000,null,null
1577708820000,null,null
1577708880000,null,null
1577708880000,null,null
1577708940000,null,null
1577708940000,null,null
1577709000000,null,null
1577709000000,null,null
1577709060000,null,null
1577709120000,null,null
1577709120000,null,null
1577709240000,null,null
1577709240000,null,null
1577709300000,null,null
1577709300000,null,null
1577709360000,null,null
1577709360000,null,null
1577709420000,null,null
1577709480000,null,null
1577709540000,null,null
1577709540000,null,null
1577709660000,null,null
1577709720000,null,null
1577709720000,null,null
1577709780000,null,null
1577709780000,null,null
1577709840000,null,null
1577709960000,null,null
1577710020000,null,null
1577710020000,null,null
1577710080000,null,null
1577710200000,null,null
1577710260000,null,null
1577710260000,null,null
1577710320000,null,null
1577710320000,null,null
1577710380000,null,null
1577710380000,null,null
1577710440000,null,null
1577710440000,null,null
1577710500000,null,null
1577710560000,null,null
1577710560000,null,null
1577710800000,null,null
1577710800000,null,null
1577710860000,null,null
1577710860000,null,null
1577710920000,null,null
1577710920000,null,null
1577710980000,null,null
1577710980000,null,null
1577711040000,null,null
1577711040000,null,null
1577711100000,null,null
1577711100000,null,null
1577711160000,null,null
1577711160000,null,null
1577711220000,null,null
1577711220000,null,null
1577711280000,null,null
1577711280000,null,null
1577711340000,null,null
1577711340000,null,null
1577711400000,null,null
1577711460000,null,null
1577711460000,null,null
1577711520000,null,null
1577711520000,null,null
1577711580000,null,null
1577711580000,null,null
1577711640000,null,null
1577711640000,null,null
1577711700000,null,null
1577711700000,null,null
1577711760000,null,null
1577711760000,null,null
1577711820000,null,null
1577711820000,null,null
1577711880000,null,null
1577711880000,null,null
1577711940000,null,null
1577711940000,null,null
1577712000000,null,null
1577712000000,null,null
1577712060000,null,null
1577712060000,null,null
1577712120000,null,null
1577712180000,null,null
1577712960000,null,null
1577714160000,null,null
1577714220000,null,null
1577714280000,null,null
1577716560000,null,null
1577716560000,null,null
1577716620000,null,null
1577716680000,null,null
1577716740000,null,null
1577718240000,null,null
1577718240000,null,null
1577718300000,null,null
1577718300000,null,null
1577718360000,null,null
1577718360000,null,null
1577718420000,null,null
1577718420000,null,null
1577718480000,null,null
1577718480000,null,null
1577718540000,null,null
1577718540000,null,null
1577718600000,null,null
1577718600000,null,null
1577718660000,null,null
1577718660000,null,null
1577718720000,null,null
1577718720000,null,null
1577718780000,null,null
1577718840000,null,null
1577718960000,null,null
1577718960000,null,null
1577719080000,null,null
1577719200000,null,null
1577719260000,null,null
1577719320000,null,null
1577719440000,null,null
1577719560000,null,null
1577719680000,null,null
1577719740000,null,null
1577719860000,null,null
1577719980000,null,null
1577719980000,null,null
1577720040000,null,null
1577720100000,null,null
1577720100000,null,null
1577720160000,null,null
1577720160000,null,null
1577720220000,null,null
1577720340000,null,null
1577720400000,null,null
1577720460000,null,null
1577720520000,null,null
1577720580000,null,null
1577720700000,null,null
1577720760000,null,null
1577720760000,null,null
1577720880000,null,null
1577721000000,null,null
1577721060000,null,null
1577721120000,null,null
1577721240000,null,null
1577721300000,null,null
1577721360000,null,null
1577721360000,null,null
1577721420000,null,null
1577721480000,null,null
1577721540000,null,null
1577721600000,null,null
1577721660000,null,null
1577721960000,null,null
1577721960000,null,null
1577722020000,null,null
1577722020000,null,null
1577722080000,null,null
1577722080000,null,null
1577722140000,null,null
1577722140000,null,null
1577722200000,null,null
1577722260000,null,null
1577722260000,null,null
1577722320000,null,null
1577722680000,null,null
1577722740000,null,null
1577722740000,null,null
1577722800000,null,null
1577722860000,null,null
1577722860000,null,null
1577722920000,null,null
1577722920000,null,null
1577722980000,null,null
1577722980000,null,null
1577723040000,null,null
1577723040000,null,null
1577723100000,null,null
1577723160000,null,null
1577723220000,null,null
1577723520000,null,null
1577723520000,null,null
1577723580000,null,null
1577723580000,null,null
1577723640000,null,null
1577723640000,null,null
1577723700000,null,null
1577723700000,null,null
1577723760000,null,null
1577723760000,null,null
1577723820000,null,null
1577723880000,null,null
1577723880000,null,null
1577723940000,null,null
1577723940000,null,null
1577724000000,null,null
1577724000000,null,null
1577724060000,null,null
1577724060000,null,null
1577724120000,null,null
1577724120000,null,null
1577724180000,null,null
1577724240000,null,null
1577724240000,null,null
1577724300000,null,null
1577724300000,null,null
1577724360000,null,null
1577724360000,null,null
1577724420000,null,null
1577724480000,null,null
1577724480000,null,null
1577724600000,null,null
1577724600000,null,null
1577724720000,null,null
1577724720000,null,null
1577724780000,null,null
1577724780000,null,null
1577724840000,null,null
1577724840000,null,null
1577724900000,null,null
1577724900000,null,null
1577724960000,null,null
1577724960000,null,null
1577725020000,null,null
1577725020000,null,null
1577725080000,null,null
1577725080000,null,null
1577725140000,null,null
1577725140000,null,null
1577725200000,null,null
1577725260000,null,null
1577725260000,null,null
1577725320000,null,null
1577725320000,null,null
1577725380000,null,null
1577725380000,null,null
1577725440000,null,null
1577725440000,null,null
1577725500000,null,null
1577725500000,null,null
1577725560000,null,null
1577725620000,null,null
1577725620000,null,null
1577725680000,null,null
1577725680000,null,null
1577725740000,null,null
1577725740000,null,null
1577725800000,null,null
1577725800000,null,null
1577725860000,null,null
1577725860000,null,null
1577725920000,null,null
1577726160000,null,null
1577726460000,null,null
1577726640000,null,null
1577726640000,null,null
1577726700000,null,null
1577726760000,null,null
1577726760000,null,null
1577726820000,null,null
1577726820000,null,null
1577726880000,null,null
1577726880000,null,null
1577726940000,null,null
1577726940000,null,null
1577727000000,null,null
1577727000000,null,null
1577727060000,null,null
1577727060000,null,null
1577727120000,null,null
1577727120000,null,null
1577727180000,null,null
1577727180000,null,null
1577727240000,null,null
1577727240000,null,null
1577727300000,null,null
1577727300000,null,null
1577727360000,null,null
1577727360000,null,null
1577727420000,null,null
1577727420000,null,null
1577727480000,null,null
1577727540000,null,null
1577727540000,null,null
1577727600000,null,null
1577727600000,null,null
1577727660000,null,null
1577727660000,null,null
1577727720000,null,null
1577727720000,null,null
1577727780000,null,null
1577728320000,null,null
1577728320000,null,null
1577728380000,null,null
1577728380000,null,null
1577728440000,null,null
1577728440000,null,null
1577728500000,null,null
1577728500000,null,null
1577728560000,null,null
1577728560000,null,null
1577728620000,null,null
1577728620000,null,null
1577728680000,null,null
1577728680000,null,null
1577728740000,null,null
1577728740000,null,null
1577728800000,null,null
1577728800000,null,null
1577728860000,null,null
1577728860000,null,null
1577728920000,null,null
1577728920000,null,null
1577728980000,null,null
1577728980000,null,null
1577729040000,null,null
1577729040000,null,null
1577729100000,null,null
1577729100000,null,null
1577729160000,null,null
1577729160000,null,null
1577729220000,null,null
1577729280000,null,null
1577729280000,null,null
1577729340000,null,null
1577729340000,null,null
1577729400000,null,null
1577729400000,null,null
1577729460000,null,null
1577729460000,null,null
1577729520000,null,null
1577729520000,null,null
1577729580000,null,null
1577729580000,null,null
1577729640000,null,null
1577729640000,null,null
1577729700000,null,null
1577729700000,null,null
1577729760000,null,null
1577729760000,null,null
1577729820000,null,null
1577729820000,null,null
1577729880000,null,null
1577729880000,null,null
1577729940000,null,null
1577729940000,null,null
1577730000000,null,null
1577730000000,null,null
1577730060000,null,null
1577730060000,null,null
1577730120000,null,null
1577730180000,null,null
1577730180000,null,null
1577730240000,null,null
1577730240000,null,null
1577730300000,null,null
1577730300000,null,null
1577730360000,null,null
1577730360000,null,null
1577730420000,null,null
1577730420000,null,null
1577730480000,null,null
1577730480000,null,null
1577730540000,null,null
1577730540000,null,null
1577730600000,null,null
1577730600000,null,null
1577730660000,null,null
1577730660000,null,null
1577730720000,null,null
1577730720000,null,null
1577730780000,null,null
1577730780000,null,null
1577730840000,null,null
1577730840000,null,null
1577730900000,null,null
1577730900000,null,null
1577730960000,null,null
1577730960000,null,null
1577731020000,null,null
1577731020000,null,null
1577731080000,null,null
1577731080000,null,null
1577731140000,null,null
1577731140000,null,null
1577731200000,null,null
1577731260000,null,null
1577731260000,null,null
1577731320000,null,null
1577731320000,null,null
1577731380000,null,null
1577731380000,null,null
1577731440000,null,null
1577731440000,null,null
1577731500000,null,null
1577731500000,null,null
1577731560000,null,null
1577731560000,null,null
1577731620000,null,null
1577731680000,null,null
1577731680000,null,null
1577731740000,null,null
1577731740000,null,null
1577731800000,null,null
1577731800000,null,null
1577731860000,null,null
1577731860000,null,null
1577731920000,null,null
1577731920000,null,null
1577731980000,null,null
1577731980000,null,null
1577732040000,null,null
1577732040000,null,null
1577732100000,null,null
1577732100000,null,null
1577732160000,null,null
1577732160000,null,null
1577732220000,null,null
1577732280000,null,null
1577732280000,null,null
1577732340000,null,null
1577732340000,null,null
1577732400000,null,null
1577732400000,null,null
1577732460000,null,null
1577732460000,null,null
1577732520000,null,null
1577732520000,null,null
1577732580000,null,null
1577732580000,null,null
1577732640000,null,null
1577732640000,null,null
1577732700000,null,null
1577732700000,null,null
1577732760000,null,null
1577732760000,null,null
1577732820000,null,null
1577732820000,null,null
1577732880000,null,null
1577732880000,null,null
1577732940000,null,null
1577732940000,null,null
1577733000000,null,null
1577733000000,null,null
1577733060000,null,null
1577733060000,null,null
1577733120000,null,null
1577733120000,null,null
1577733180000,null,null
1577733180000,null,null
1577733240000,null,null
1577733300000,null,null
1577733300000,null,null
1577733360000,null,null
1577733360000,null,null
1577733420000,null,null
1577733420000,null,null
1577733480000,null,null
1577733480000,null,null
1577733540000,null,null
1577733540000,null,null
1577733600000,null,null
1577733600000,null,null
1577733660000,null,null
1577733660000,null,null
1577733720000,null,null
1577733720000,null,null
1577733780000,null,null
1577733780000,null,null
1577733840000,null,null
1577733840000,null,null
1577733900000,null,null
1577733900000,null,null
1577733960000,null,null
1577733960000,null,null
1577734020000,null,null
1577734020000,null,null
1577734080000,null,null
1577734080000,null,null
1577734140000,null,null
1577734140000,null,null
1577734200000,null,null
1577734260000,null,null
1577734260000,null,null
1577734320000,null,null
1577734320000,null,null
1577734380000,null,null
1577734380000,null,null
1577734440000,null,null
1577734440000,null,null
1577734500000,null,null
1577734500000,null,null
1577734560000,null,null
1577734560000,null,null
1577734620000,null,null
1577734620000,null,null
1577734680000,null,null
1577734680000,null,null
1577734740000,null,null
1577734740000,null,null
1577734800000,null,null
1577734800000,null,null
1577734860000,null,null
1577734860000,null,null
1577734920000,null,null
1577734920000,null,null
1577734980000,null,null
1577734980000,null,null
1577735040000,null,null
1577735040000,null,null
1577735100000,null,null
1577735100000,null,null
1577735160000,null,null
1577735160000,null,null
1577735220000,null,null
1577735280000,null,null
1577735280000,null,null
1577735340000,null,null
1577735340000,null,null
1577735400000,null,null
1577735400000,null,null
1577735460000,null,null
1577735460000,null,null
1577735520000,null,null
1577735520000,null,null
1577735580000,null,null
1577735580000,null,null
1577735640000,null,null
1577735640000,null,null
1577735700000,null,null
1577735700000,null,null
1577735760000,null,null
1577735760000,null,null
1577735820000,null,null
1577735820000,null,null
1577735880000,null,null
1577736120000,null,null
1577736120000,null,null
1577736180000,null,null
1577736180000,null,null
1577736240000,null,null
1577736240000,null,null
1577736300000,null,null
1577736300000,null,null
1577736360000,null,null
1577736360000,null,null
1577736420000,null,null
1577736420000,null,null
1577736480000,null,null
1577736480000,null,null
1577736540000,null,null
1577736540000,null,null
1577736600000,null,null
1577736600000,null,null
1577736660000,null,null
1577736660000,null,null
1577736720000,null,null
1577736720000,null,null
1577736780000,null,null
1577736780000,null,null
1577736840000,null,null
1577736840000,null,null
1577736900000,null,null
1577736900000,null,null
1577736960000,null,null
1577736960000,null,null
1577737020000,null,null
1577737080000,null,null
1577737080000,null,null
1577737140000,null,null
1577737140000,null,null
1577737200000,null,null
1577737200000,null,null
1577737260000,null,null
1577737260000,null,null
1577737320000,null,null
1577737320000,null,null
1577737380000,null,null
1577737440000,null,null
1577737500000,null,null
1577737560000,null,null
1577737560000,null,null
1577737620000,null,null
1577737620000,null,null
1577737680000,null,null
1577737680000,null,null
1577737740000,null,null
1577737740000,null,null
1577737800000,null,null
1577737800000,null,null
1577737860000,null,null
1577737860000,null,null
1577737920000,null,null
1577737920000,null,null
1577737980000,null,null
1577737980000,null,null
1577738040000,null,null
1577738040000,null,null
1577738100000,null,null
1577738100000,null,null
1577738160000,null,null
1577738220000,null,null
1577738220000,null,null
1577738280000,null,null
1577738280000,null,null
1577738340000,null,null
1577738340000,null,null
1577738400000,null,null
1577738640000,null,null
1577738640000,null,null
1577738700000,null,null
1577738700000,null,null
1577738760000,null,null
1577738760000,null,null
1577738880000,null,null
1577739000000,null,null
1577739060000,null,null
1577739060000,null,null
1577739120000,null,null
1577739120000,null,null
1577739180000,null,null
1577739240000,null,null
1577739300000,null,null
1577739360000,null,null
1577739360000,null,null
1577739420000,null,null
1577739420000,null,null
1577739480000,null,null
1577739480000,null,null
1577739540000,null,null
1577739540000,null,null
1577739600000,null,null
1577739600000,null,null
1577739660000,null,null
1577739720000,null,null
1577739720000,null,null
1577739780000,null,null
1577739780000,null,null
1577739840000,null,null
1577739840000,null,null
1577739900000,null,null
1577739900000,null,null
1577739960000,null,null
1577739960000,null,null
1577740020000,null,null
1577740020000,null,null
1577740080000,null,null
1577740080000,null,null
1577740140000,null,null
1577740140000,null,null
1577740200000,null,null
1577740200000,null,null
1577740260000,null,null
1577740260000,null,null
1577740320000,null,null
1577740320000,null,null
1577740380000,null,null
1577740380000,null,null
1577740440000,null,null
1577740440000,null,null
1577740500000,null,null
1577740500000,null,null
1577740560000,null,null
1577740560000,null,null
1577740620000,null,null
1577740620000,null,null
1577740680000,null,null
1577740740000,null,null
1577740740000,null,null
1577740800000,null,null
1577740800000,null,null
1577740860000,null,null
1577740860000,null,null
1577740920000,null,null
1577740920000,null,null
1577740980000,null,null
1577740980000,null,null
1577741040000,null,null
1577741040000,null,null
1577741100000,null,null
1577741100000,null,null
1577741160000,null,null
1577741160000,null,null
1577741220000,null,null
1577741220000,null,null
1577741280000,null,null
1577741280000,null,null
1577741340000,null,null
1577741340000,null,null
1577741400000,null,null
1577741400000,null,null
1577741460000,null,null
1577741460000,null,null
1577741520000,null,null
1577741520000,null,null
1577741580000,null,null
1577741580000,null,null
1577741640000,null,null
1577741700000,null,null
1577741700000,null,null
1577741760000,null,null
1577741760000,null,null
1577741820000,null,null
1577741820000,null,null
1577741880000,null,null
1577741880000,null,null
1577741940000,null,null
1577741940000,null,null
1577742000000,null,null
1577742000000,null,null
1577742060000,null,null
1577742060000,null,null
1577742120000,null,null
1577742120000,null,null
1577742180000,null,null
1577742180000,null,null
1577742240000,null,null
1577742240000,null,null
1577742300000,null,null
1577742300000,null,null
1577742360000,null,null
1577742360000,null,null
1577742420000,null,null
1577742420000,null,null
1577742480000,null,null
1577742480000,null,null
1577742540000,null,null
1577742600000,null,null
1577742600000,null,null
1577742660000,null,null
1577742660000,null,null
1577742720000,null,null
1577742720000,null,null
1577742780000,null,null
1577742780000,null,null
1577742840000,null,null
1577742840000,null,null
1577742900000,null,null
1577742900000,null,null
1577742960000,null,null
1577742960000,null,null
1577743020000,null,null
1577743020000,null,null
1577743080000,null,null
1577743080000,null,null
1577743140000,null,null
1577743140000,null,null
1577743200000,null,null
1577743200000,null,null
1577743260000,null,null
1577743260000,null,null
1577743320000,null,null
1577743320000,null,null
1577743380000,null,null
1577743380000,null,null
1577743440000,null,null
1577743440000,null,null
1577743500000,null,null
1577743560000,null,null
1577743560000,null,null
1577743620000,null,null
1577743620000,null,null
1577743680000,null,null
1577743680000,null,null
1577743740000,null,null
1577743740000,null,null
1577743800000,null,null
1577743800000,null,null
1577743860000,null,null
1577743860000,null,null
1577743920000,null,null
1577743920000,null,null
1577743980000,null,null
1577743980000,null,null
1577744040000,null,null
1577744280000,null,null
1577744280000,null,null
1577744340000,null,null
1577744340000,null,null
1577744400000,null,null
1577744400000,null,null
1577744460000,null,null
1577744460000,null,null
1577744520000,null,null
1577744520000,null,null
1577744580000,null,null
1577744580000,null,null
1577744640000,null,null
1577744700000,null,null
1577744700000,null,null
1577744760000,null,null
1577744760000,null,null
1577744820000,null,null
1577744820000,null,null
1577744880000,null,null
1577744880000,null,null
1577744940000,null,null
1577744940000,null,null
1577745000000,null,null
1577745000000,null,null
1577745060000,null,null
1577745060000,null,null
1577745120000,null,null
1577745120000,null,null
1577745180000,null,null
1577745180000,null,null
1577745240000,null,null
1577745240000,null,null
1577745300000,null,null
1577745300000,null,null
1577745360000,null,null
1577745480000,null,null
1577745540000,null,null
1577745660000,null,null
1577745660000,null,null
1577745720000,null,null
1577745720000,null,null
1577745780000,null,null
1577745780000,null,null
1577745840000,null,null
1577745840000,null,null
1577745900000,null,null
1577745900000,null,null
1577745960000,null,null
1577745960000,null,null
1577746020000,null,null
1577746080000,null,null
1577746080000,null,null
1577746140000,null,null
1577746140000,null,null
1577746200000,null,null
1577746200000,null,null
1577746260000,null,null
1577746260000,null,null
1577746320000,null,null
1577746320000,null,null
1577746380000,null,null
1577746380000,null,null
1577746440000,null,null
1577746440000,null,null
1577746500000,null,null
1577746500000,null,null
1577746560000,null,null
1577746560000,null,null
1577746620000,null,null
1577746620000,null,null
1577746680000,null,null
1577746680000,null,null
1577746740000,null,null
1577746740000,null,null
1577746800000,null,null
1577746800000,null,null
1577746860000,null,null
1577746860000,null,null
1577746920000,null,null
1577746920000,null,null
1577746980000,null,null
1577746980000,null,null
1577747040000,null,null
1577747040000,null,null
1577747100000,null,null
1577747160000,null,null
1577747160000,null,null
1577747220000,null,null
1577747220000,null,null
1577747280000,null,null
1577747280000,null,null
1577747340000,null,null
1577747340000,null,null
1577747400000,null,null
1577747400000,null,null
1577747460000,null,null
1577747460000,null,null
1577747520000,null,null
1577747520000,null,null
1577747580000,null,null
1577747580000,null,null
1577747640000,null,null
1577747640000,null,null
1577747700000,null,null
1577747700000,null,null
1577747760000,null,null
1577747760000,null,null
1577747820000,null,null
1577747820000,null,null
1577747880000,null,null
1577747880000,null,null
1577747940000,null,null
1577747940000,null,null
1577748000000,null,null
1577748000000,null,null
1577748060000,null,null
1577748060000,null,null
1577748120000,null,null
1577748180000,null,null
1577748180000,null,null
1577748240000,null,null
1577748240000,null,null
1577748300000,null,null
1577748300000,null,null
1577748360000,null,null
1577748360000,null,null
1577748420000,null,null
1577748420000,null,null
1577748480000,null,null
1577749080000,null,null
1577749320000,null,null
1577749920000,null,null
1577750100000,null,null
1577750160000,null,null
1577750220000,null,null
1577750280000,null,null
1577750280000,null,null
1577750340000,null,null
1577750340000,null,null
1577750400000,null,null
1577750400000,null,null
1577750460000,null,null
1577750520000,null,null
1577750520000,null,null
1577750580000,null,null
1577750580000,null,null
1577750640000,null,null
1577750760000,null,null
1577750820000,null,null
1577750820000,null,null
1577750880000,null,null
1577750880000,null,null
1577750940000,null,null
1577750940000,null,null
1577751000000,null,null
1577751000000,null,null
1577751060000,null,null
1577751060000,null,null
1577751120000,null,null
1577751120000,null,null
1577751180000,null,null
1577751180000,null,null
1577751240000,null,null
1577751240000,null,null
1577751300000,null,null
1577751300000,null,null
1577751360000,null,null
1577751360000,null,null
1577751420000,null,null
1577751480000,null,null
1577751480000,null,null
1577751540000,null,null
1577751540000,null,null
1577751600000,null,null
1577751600000,null,null
1577751660000,null,null
1577751660000,null,null
1577751720000,null,null
1577751720000,null,null
1577752320000,null,null
1577752920000,null,null
1577753520000,null,null
1577753700000,null,null
1577754120000,null,null
1577754720000,null,null
1577755320000,null,null
1577755920000,null,null
1577757000000,null,null
1577757720000,null,null
1577757780000,null,null
1577757780000,null,null
1577757840000,null,null
1577757840000,null,null
1577757900000,null,null
1577757900000,null,null
1577757960000,null,null
1577757960000,null,null
1577758020000,null,null
1577758080000,null,null
1577758080000,null,null
1577758140000,null,null
1577758140000,null,null
1577758200000,null,null
1577758200000,null,null
1577758260000,null,null
1577758260000,null,null
1577758320000,null,null
1577758320000,null,null
1577758380000,null,null
1577758380000,null,null
1577758440000,null,null
1577758440000,null,null
1577758500000,null,null
1577758560000,null,null
1577758620000,null,null
1577758680000,null,null
1577758920000,null,null
1577759100000,null,null
1577759220000,null,null
1577759280000,null,null
1577759520000,null,null
1577759580000,null,null
1577759580000,null,null
1577759640000,null,null
1577759640000,null,null
1577759700000,null,null
1577759700000,null,null
1577759760000,null,null
1577759820000,null,null
1577759880000,null,null
1577760000000,null,null
1577760480000,null,null
1577760480000,null,null
1577760540000,null,null
1577761080000,null,null
1577761080000,null,null
1577761140000,null,null
1577761140000,null,null
1577761200000,null,null
1577761200000,null,null
1577761260000,null,null
1577761260000,null,null
1577761320000,null,null
1577761320000,null,null
1577761380000,null,null
1577761380000,null,null
1577761440000,null,null
1577761440000,null,null
1577761500000,null,null
1577761500000,null,null
1577761560000,null,null
1577761560000,null,null
1577761620000,null,null
1577761620000,null,null
1577761680000,null,null
1577761680000,null,null
1577761740000,null,null
1577761740000,null,null
1577761800000,null,null
1577761800000,null,null
1577761860000,null,null
1577761860000,null,null
1577761920000,null,null
1577761980000,null,null
1577761980000,null,null
1577762040000,null,null
1577762040000,null,null
1577762100000,null,null
1577762100000,null,null
1577762160000,null,null
1577762160000,null,null
1577762220000,null,null
1577762220000,null,null
1577762280000,null,null
1577762280000,null,null
1577762340000,null,null
1577762340000,null,null
1577762400000,null,null
1577762400000,null,null
1577762460000,null,null
1577762460000,null,null
1577762520000,null,null
1577762520000,null,null
1577762580000,null,null
1577762580000,null,null
1577762640000,null,null
1577762640000,null,null
1577762700000,null,null
1577762700000,null,null
1577762760000,null,null
1577762760000,null,null
1577762820000,null,null
1577762820000,null,null
1577762880000,null,null
1577762940000,null,null
1577762940000,null,null
1577763000000,null,null
1577763000000,null,null
1577763060000,null,null
1577763060000,null,null
1577763120000,null,null
1577763120000,null,null
1577763180000,null,null
1577763180000,null,null
1577763240000,null,null
1577763240000,null,null
1577763300000,null,null
1577763300000,null,null
1577763360000,null,null
1577763360000,null,null
1577763420000,null,null
1577763420000,null,null
1577763480000,null,null
1577763480000,null,null
1577763540000,null,null
1577763540000,null,null
1577763600000,null,null
1577763600000,null,null
1577763660000,null,null
1577763660000,null,null
1577763720000,null,null
1577763720000,null,null
1577763780000,null,null
1577763780000,null,null
1577763840000,null,null
1577763840000,null,null
1577763900000,null,null
1577763960000,null,null
1577763960000,null,null
1577764020000,null,null
1577764020000,null,null
1577764080000,null,null
1577764080000,null,null
1577764140000,null,null
1577764140000,null,null
1577764200000,null,null
1577764200000,null,null
1577764260000,null,null
1577764260000,null,null
1577764320000,null,null
1577764320000,null,null
1577764380000,null,null
1577764380000,null,null
1577764440000,null,null
1577764440000,null,null
1577764500000,null,null
1577764500000,null,null
1577764560000,null,null
1577764560000,null,null
1577764620000,null,null
1577764620000,null,null
1577764680000,null,null
1577764680000,null,null
1577764740000,null,null
1577764800000,null,null
1577764800000,null,null
1577764860000,null,null
1577764860000,null,null
1577764920000,null,null
1577764920000,null,null
1577764980000,null,null
1577764980000,null,null
1577765040000,null,null
1577765100000,null,null
1577765220000,null,null
1577765280000,null,null
1577765280000,null,null
